date,sales,volume,final,clear,ssn,time,model_year,model,make
6/12/2017,16055,23681,28881,16033,703-94-6688,5:27 AM,1987,Bronco,Ford
9/11/2017,19636,28497,28598,22719,289-86-7780,2:54 AM,2003,Spyder,Maserati
1/17/2017,19859,16713,29720,33003,778-19-0711,8:22 AM,2006,Envoy XL,GMC
3/22/2017,10247,16053,27811,24873,733-12-0245,7:41 AM,2009,DB9,Aston Martin
6/24/2017,17645,12229,23761,19288,733-40-9833,9:16 AM,1998,Rodeo,Isuzu
10/27/2016,15078,26331,21184,39383,856-15-2889,10:14 PM,2008,Mazda6,Mazda
9/14/2017,14765,26637,29762,20606,507-66-0447,11:02 PM,1972,Mustang,Ford
1/27/2017,18484,18308,27293,12574,116-12-6746,2:03 PM,2012,F250,Ford
4/17/2017,11645,21130,23930,19798,802-22-1454,8:21 PM,2000,Legacy,Subaru
7/19/2017,15247,21908,24773,32477,292-33-1361,4:12 AM,2011,Mazdaspeed 3,Mazda
12/16/2016,19159,17646,20560,31572,198-56-2491,6:23 PM,1999,Escalade,Cadillac
12/10/2016,16877,12157,26492,36225,122-23-9965,8:40 AM,1993,LeSabre,Buick
5/11/2017,11877,20631,27795,19183,565-51-8823,9:56 PM,2001,530,BMW
5/6/2017,14628,19311,25978,22002,681-74-6330,1:30 PM,2006,Aerio,Suzuki
3/11/2017,14576,17089,26597,34273,683-83-0117,9:55 PM,2004,A6,Audi
3/9/2017,16007,10475,24343,30132,570-37-4416,8:46 AM,1999,Crown Victoria,Ford
9/9/2017,18005,11478,28883,23760,168-37-6822,4:53 PM,1998,Navigator,Lincoln
5/22/2017,12937,29014,24897,20308,281-66-7793,11:43 AM,2004,Amanti,Kia
3/5/2017,19560,24899,21815,24144,258-81-7252,11:37 AM,1996,Z3,BMW
11/29/2016,10979,14567,22203,18819,263-46-9568,6:10 PM,1984,Thunderbird,Ford
3/31/2017,10155,18242,20018,23120,142-70-7466,10:10 PM,2010,458 Italia,Ferrari
11/16/2016,12024,16403,21282,38924,877-71-6950,1:26 AM,1996,Millenia,Mazda
1/27/2017,15866,11835,26157,12184,131-90-1271,9:26 AM,2005,G6,Pontiac
11/21/2016,13292,13856,26380,19175,450-18-6382,6:28 PM,1987,Escort,Ford
5/17/2017,14995,16997,25280,11869,455-96-1103,2:42 AM,2007,Element,Honda
7/5/2017,18150,22081,28627,29997,824-05-9795,9:04 PM,1995,Achieva,Oldsmobile
1/9/2017,11643,23639,20840,30226,765-29-0948,12:44 PM,2005,LeSabre,Buick
1/23/2017,18833,28414,25602,29443,424-26-0806,3:08 AM,2008,Mazda6,Mazda
4/1/2017,18126,14244,22391,28208,651-76-7600,4:05 PM,2009,Rondo,Kia
6/3/2017,13018,15783,29112,13520,152-57-3442,7:02 PM,2010,Town & Country,Chrysler
1/23/2017,11036,13626,26897,39281,356-40-9772,8:32 AM,2003,Grand Marquis,Mercury
5/26/2017,11742,28335,27756,26826,424-82-8001,1:39 PM,2008,E150,Ford
5/7/2017,13658,29116,21839,28493,279-21-0927,8:51 AM,2006,Esperante,Panoz
9/19/2017,15706,16292,26123,32337,692-03-3481,12:23 AM,2002,Sienna,Toyota
9/27/2017,17176,24381,28266,15423,853-09-1692,1:16 AM,2012,Expedition EL,Ford
4/26/2017,10278,21076,29464,23912,355-93-7170,4:00 AM,1998,Z3,BMW
12/10/2016,19107,27709,24614,17159,290-03-0136,9:24 PM,2004,Windstar,Ford
8/14/2017,18742,10485,22691,37667,191-47-2324,2:57 AM,2009,XLR-V,Cadillac
3/26/2017,13298,26352,28984,16544,190-87-2390,10:08 PM,1995,Grand Marquis,Mercury
5/23/2017,17298,26832,26730,11053,513-26-4325,10:20 PM,2010,9-5,Saab
5/5/2017,15217,22174,21388,13165,396-09-7668,6:57 AM,1992,Rocky,Daihatsu
9/27/2017,12640,19870,20449,12473,249-76-8913,6:41 PM,1991,Tracer,Mercury
10/28/2016,12237,18173,25428,22901,695-47-6763,5:10 PM,2008,Quest,Nissan
9/29/2017,14430,10666,28844,28990,873-46-8328,4:03 AM,1999,Bonneville,Pontiac
3/29/2017,18170,14896,20915,29100,595-73-4634,6:08 AM,2005,Pajero,Mitsubishi
12/4/2016,10113,18223,20847,26007,403-01-2287,4:45 AM,1987,Bonneville,Pontiac
4/7/2017,10189,17121,27715,29167,489-85-4060,3:13 AM,1993,Summit,Eagle
3/10/2017,18668,24836,20007,28351,451-40-7967,7:45 AM,2007,Ram,Dodge
3/4/2017,12111,20114,25683,16268,898-13-8646,11:56 AM,1995,Coachbuilder,Buick
6/16/2017,15090,28966,25310,18411,674-48-9675,4:25 PM,1995,Civic,Honda
8/16/2017,16761,15639,25103,34475,494-24-9061,11:32 PM,1994,Tracker,Geo
2/6/2017,16901,25263,27371,20729,550-39-9485,6:08 PM,2001,Diamante,Mitsubishi
3/7/2017,18765,29335,24281,19716,810-28-3483,5:11 PM,2007,CLK-Class,Mercedes-Benz
7/22/2017,19235,18924,22321,17048,871-99-6361,8:56 AM,1998,Safari,GMC
8/17/2017,11687,16613,23601,32162,130-48-8347,8:31 PM,1995,Quest,Nissan
3/7/2017,18089,20665,24678,11120,277-53-1669,2:39 AM,2007,Silverado,Chevrolet
6/10/2017,17646,26829,20627,34237,511-49-2058,6:57 PM,2011,Sierra 1500,GMC
4/10/2017,15344,14788,26671,18172,235-13-5401,1:35 AM,1998,NSX,Acura
4/11/2017,16461,29629,27739,34554,786-76-1408,1:06 AM,2008,Discovery,Land Rover
2/9/2017,14136,14951,20108,21403,106-85-0114,6:26 AM,1992,Daytona,Dodge
10/29/2016,16827,13370,21162,18217,799-28-5233,3:38 AM,2002,V40,Volvo
2/6/2017,13567,15246,22812,18260,628-49-7083,2:42 PM,1999,DeVille,Cadillac
5/29/2017,17602,27222,29698,32090,239-96-8386,10:33 PM,1994,LeBaron,Chrysler
12/11/2016,18058,11919,29592,39454,522-12-4298,4:06 PM,2000,Econoline E250,Ford
3/31/2017,12901,19692,25708,22827,218-25-1961,2:01 AM,1993,Spider,Alfa Romeo
1/19/2017,17704,12438,21983,36212,393-67-1617,11:31 AM,2010,M,Infiniti
4/14/2017,11893,22030,20546,11838,163-32-9184,4:28 PM,1992,Mirage,Mitsubishi
3/1/2017,10651,25539,22249,10038,567-27-5955,2:29 PM,1990,MX-6,Mazda
1/9/2017,10822,18015,27465,36849,487-22-2120,11:31 AM,2005,XK Series,Jaguar
9/21/2017,14049,15921,27580,26199,578-33-5545,8:07 PM,1997,GTI,Volkswagen
11/30/2016,16617,13610,22295,23176,589-21-1078,1:59 AM,2010,SC,Lexus
12/20/2016,16908,28301,25829,36716,435-68-9250,12:23 PM,2002,Pajero,Mitsubishi
9/29/2017,16221,14203,29192,37933,426-03-3937,12:16 PM,1996,Legacy,Subaru
1/1/2017,12540,13352,27428,34608,416-95-8222,11:39 AM,1992,911,Porsche
9/17/2017,17911,28636,24887,31667,539-21-9603,3:59 AM,1998,Tahoe,Chevrolet
10/14/2016,14112,13424,28517,18825,507-02-7061,2:51 AM,2006,Cayenne,Porsche
9/2/2017,16132,12588,26086,31249,491-81-6908,9:47 AM,2012,Cooper Clubman,MINI
4/1/2017,16527,26871,20980,26402,703-63-1897,11:25 PM,1999,2500,Chevrolet
11/10/2016,11173,22673,25853,21164,884-65-7077,10:55 AM,1992,M5,BMW
5/14/2017,19361,24910,25772,14789,527-58-6302,10:23 AM,1994,Ram Wagon B150,Dodge
11/26/2016,13713,20645,22637,36552,207-24-5302,12:03 PM,1993,Caprice Classic,Chevrolet
11/19/2016,15367,23476,20660,23668,658-46-2151,12:52 PM,2009,Explorer,Ford
7/4/2017,18188,10186,22265,35878,458-49-9707,1:06 AM,1999,Esprit,Lotus
1/1/2017,19405,13815,27506,31230,850-39-3977,9:58 PM,2010,F-Series Super Duty,Ford
8/7/2017,13052,10813,21386,21153,275-54-4541,10:49 AM,2003,Pathfinder,Nissan
11/29/2016,11294,23486,26862,31689,364-88-9170,8:54 AM,2007,Avalon,Toyota
2/7/2017,10522,20329,26595,18858,486-64-7627,5:23 AM,1996,Ram 3500,Dodge
3/10/2017,12191,23805,24075,17037,483-03-4811,2:40 PM,1971,Camaro,Chevrolet
11/6/2016,17620,22491,27785,38690,500-69-6181,5:52 PM,2001,Cherokee,Jeep
10/4/2016,10224,26793,28506,21800,116-55-2834,4:51 PM,2001,Corolla,Toyota
9/19/2017,18361,11370,23456,20959,257-06-2458,2:49 PM,2008,Colorado,Chevrolet
5/21/2017,15137,19806,24154,39973,801-74-8374,6:19 AM,2002,X-Type,Jaguar
6/15/2017,19978,13352,21093,10975,262-43-1151,3:40 PM,2004,Silverado 2500,Chevrolet
7/27/2017,10420,18986,28986,30191,844-98-6981,7:34 PM,2009,Aveo,Chevrolet
1/24/2017,11227,11483,24053,38733,807-57-3289,2:51 AM,2012,iQ,Scion
10/12/2016,13108,23969,23927,16433,621-94-3536,7:44 PM,1988,Turbo Firefly,Pontiac
7/6/2017,10371,21210,25508,19425,587-79-9417,10:39 PM,2005,RSX,Acura
6/18/2017,15380,22954,26879,11865,320-38-0613,11:09 AM,2003,XL-7,Suzuki
12/2/2016,14739,22748,23987,31861,416-53-6976,12:08 AM,1993,LeBaron,Chrysler
1/11/2017,15016,18727,25462,26897,684-46-5626,5:24 AM,2013,Elantra,Hyundai
8/25/2017,15883,22317,21338,39397,327-67-7546,5:15 PM,2005,E-Class,Mercedes-Benz
10/26/2016,10313,13628,21117,18865,116-80-8700,7:25 PM,2012,GranTurismo,Maserati
11/30/2016,11905,23977,22577,34492,452-28-7489,5:51 AM,1991,Swift,Suzuki
12/10/2016,14402,10707,29730,24430,803-02-5972,3:11 AM,1996,Riviera,Buick
8/9/2017,19147,10269,23346,33179,570-94-3586,11:32 PM,1993,Lumina APV,Chevrolet
6/14/2017,17656,11361,26904,26137,308-31-6039,8:08 PM,1985,Grand Am,Pontiac
1/1/2017,17776,16374,21815,21280,673-31-9047,8:09 AM,2004,Sierra 2500,GMC
5/29/2017,13503,28433,25253,25919,532-38-0298,9:25 AM,2006,A4,Audi
10/19/2016,17652,12152,24431,10766,750-34-0022,2:20 PM,1998,Discovery,Land Rover
7/20/2017,12187,17225,20270,23169,401-04-7228,4:33 PM,1987,Continental,Lincoln
1/28/2017,15590,17154,22478,12823,318-83-1100,11:55 PM,2007,VUE,Saturn
1/6/2017,19664,11602,27499,14445,382-15-2759,7:36 PM,1995,Sonata,Hyundai
2/20/2017,19056,12796,25947,23311,524-88-0844,5:18 PM,2006,G6,Pontiac
3/26/2017,15609,23518,20560,19560,592-77-1919,9:23 PM,2005,Solara,Toyota
7/8/2017,13081,26615,21155,32759,786-55-6324,4:41 PM,1998,Protege,Mazda
11/2/2016,14498,10967,26559,16956,252-67-3750,7:31 PM,2010,Continental GTC,Bentley
12/20/2016,19989,14539,20716,22889,872-04-8838,3:56 AM,2003,Savana 2500,GMC
8/13/2017,13587,10927,29734,24207,672-34-7664,9:06 AM,1999,SLK-Class,Mercedes-Benz
12/24/2016,11719,21168,27265,26414,720-96-4902,1:05 PM,2011,Matrix,Toyota
12/10/2016,11529,12318,26706,11031,174-40-6097,6:36 PM,1999,Sierra 2500,GMC
8/30/2017,17371,23662,29259,31513,329-23-6603,7:49 PM,1988,6000,Pontiac
7/7/2017,16873,26472,22111,10766,564-46-2855,2:11 PM,1996,Aerostar,Ford
2/1/2017,18881,13111,29075,28438,892-63-2318,8:40 AM,2013,CC,Volkswagen
2/1/2017,17753,25287,25331,37166,843-11-6200,5:28 PM,2006,Tiburon,Hyundai
10/3/2016,10495,17341,20339,35939,596-61-4612,5:14 AM,1998,Express 1500,Chevrolet
11/29/2016,11395,19891,22659,15800,274-66-6281,9:18 PM,1996,Monte Carlo,Chevrolet
10/20/2016,18434,24155,21302,17886,406-04-3686,2:27 AM,2011,Navigator,Lincoln
3/19/2017,11079,28416,25195,20236,380-69-1886,4:46 AM,2002,745,BMW
10/29/2016,14644,18309,21428,27068,336-20-5571,7:46 AM,2005,Land Cruiser,Toyota
6/17/2017,17891,14531,27591,30397,891-52-7452,6:38 PM,2005,A6,Audi
9/17/2017,10393,19024,28143,10494,748-84-9240,3:07 PM,2007,Legacy,Subaru
4/19/2017,17109,22833,27824,22271,425-20-1154,1:02 AM,2003,Civic,Honda
8/7/2017,19808,11711,22751,23563,152-35-4102,6:55 AM,2008,Sienna,Toyota
12/24/2016,16554,12201,25058,35023,159-81-8616,8:17 AM,2002,Envoy XL,GMC
1/15/2017,14886,21275,22326,22604,193-23-0213,9:13 PM,2012,TSX,Acura
11/18/2016,14694,25980,25068,10257,395-97-7823,2:09 PM,1989,LS,Lexus
2/3/2017,12567,29745,26760,27311,517-58-1851,9:33 PM,2001,Park Avenue,Buick
8/21/2017,18489,23993,28257,30429,868-73-0887,6:13 AM,1994,1500,GMC
12/19/2016,17347,22310,25533,27906,437-97-0879,7:45 AM,1995,G-Series G10,Chevrolet
7/14/2017,10489,21795,21774,14877,206-15-3393,5:22 PM,1992,Rally Wagon 2500,GMC
10/28/2016,13802,23220,24723,14747,264-67-2628,2:35 AM,2012,Navigator L,Lincoln
1/16/2017,17194,26669,25581,21711,271-05-3471,2:42 PM,1996,B-Series Plus,Mazda
11/9/2016,14586,14627,26622,24720,292-62-4219,10:17 PM,1987,Firefly,Pontiac
7/8/2017,14854,29354,26401,38792,522-34-7973,1:47 AM,2001,Eldorado,Cadillac
10/10/2016,16024,21566,25767,39819,270-79-9054,5:21 PM,1993,Dynasty,Dodge
4/14/2017,18321,19548,21782,39195,461-05-3495,10:59 AM,2012,F350,Ford
7/3/2017,11192,17446,22837,37107,380-98-0186,11:07 AM,1993,D250 Club,Dodge
2/5/2017,18906,16145,26970,24590,765-54-4138,12:10 AM,1992,Cavalier,Chevrolet
2/22/2017,14090,25164,26595,17449,188-58-9628,12:03 PM,2004,350Z,Nissan
9/19/2017,10172,20700,27033,10861,684-78-0430,10:54 PM,2006,Aerio,Suzuki
3/30/2017,17674,10192,27626,11569,144-14-4039,4:45 PM,2011,Grand Marquis,Mercury
11/22/2016,14742,20557,29953,11586,590-40-7014,6:44 PM,1993,Passat,Volkswagen
2/15/2017,18613,23701,24720,21479,555-08-3895,5:15 AM,1998,626,Mazda
1/16/2017,10382,18219,26101,24853,605-60-2079,8:27 PM,2008,C70,Volvo
3/18/2017,19423,14687,28585,21852,736-43-6406,2:14 PM,2007,Rabbit,Volkswagen
3/3/2017,13227,23097,20754,23252,825-51-2560,6:26 PM,1964,Mini Cooper,Austin
6/27/2017,17102,25726,29186,32607,817-40-3998,8:13 AM,2004,Highlander,Toyota
3/11/2017,18967,10603,23410,19058,218-86-3888,10:36 AM,1999,XJ Series,Jaguar
12/2/2016,13105,12618,21136,13722,859-93-6295,12:26 PM,1998,Accent,Hyundai
7/14/2017,11283,27482,25431,21949,878-85-9013,6:16 PM,2004,B-Series,Mazda
9/11/2017,14441,20433,22499,22536,278-19-9767,5:36 PM,2004,Tacoma Xtra,Toyota
6/23/2017,19194,29394,24378,33253,817-02-6964,8:43 PM,2012,RL,Acura
11/1/2016,14076,18226,20499,11701,153-07-4146,12:01 AM,1996,G-Series G30,Chevrolet
9/19/2017,10568,11800,24347,12927,881-45-3474,2:52 AM,2009,S4,Audi
3/13/2017,10687,15758,21957,16696,815-72-7602,7:47 AM,2011,Equinox,Chevrolet
4/3/2017,17104,23973,24490,38310,215-37-7988,4:48 PM,2010,Roadster,Tesla
1/22/2017,19091,29055,22279,16718,754-19-2121,8:58 AM,1999,S-Series,Saturn
12/10/2016,19981,29376,22818,34284,200-03-7393,9:29 PM,1986,Continental,Lincoln
9/29/2017,13017,12144,25862,25952,189-85-9631,12:56 PM,1990,Fox,Volkswagen
1/13/2017,15325,17553,24346,23347,427-81-8254,11:35 AM,1987,Scirocco,Volkswagen
3/9/2017,11235,17380,26369,22061,672-51-2972,8:27 PM,1996,Cavalier,Chevrolet
7/31/2017,17703,18825,28051,25369,761-88-3018,1:17 AM,1991,Mustang,Ford
8/18/2017,12355,12860,27725,32580,696-18-3623,9:43 AM,2005,Sequoia,Toyota
3/26/2017,11336,12697,21801,37979,315-10-0092,3:55 AM,2004,Marauder,Mercury
4/5/2017,11006,11588,23280,22427,843-84-8360,3:57 AM,2004,Escalade ESV,Cadillac
8/14/2017,11267,25697,20614,25877,824-42-8924,3:58 PM,1991,90,Audi
7/28/2017,10227,29977,27120,32808,884-34-9361,1:00 PM,2012,Touareg,Volkswagen
12/30/2016,17465,10817,21881,23424,741-98-6789,8:56 AM,1994,Impreza,Subaru
10/6/2016,16141,22238,22383,18024,504-77-0125,3:02 PM,2001,Express 2500,Chevrolet
6/6/2017,13944,28633,20998,31399,256-28-0660,3:04 AM,1993,Crown Victoria,Ford
11/18/2016,16340,19592,25134,34240,169-56-1207,12:08 PM,1999,Econoline E150,Ford
3/9/2017,11337,26058,26853,34868,306-74-5719,1:22 AM,2010,Armada,Nissan
3/6/2017,15370,21121,21241,17460,247-28-6476,10:29 PM,2011,RDX,Acura
9/11/2017,17178,17571,24975,25541,182-92-4148,7:37 AM,1986,F-Series,Ford
5/15/2017,12695,15065,29207,16996,810-57-2287,8:45 AM,2008,MX-5,Mazda
4/16/2017,13989,17282,29785,35947,416-05-5120,12:13 PM,2006,Sorento,Kia
7/27/2017,11512,21686,27204,35092,771-89-0908,6:26 PM,2002,Lanos,Daewoo
2/4/2017,15356,19965,25060,29577,459-86-2051,1:23 AM,2003,Santa Fe,Hyundai
12/6/2016,17007,19018,22009,27903,580-10-6983,7:54 PM,1989,Ranger,Ford
2/6/2017,15840,22001,24015,35156,507-09-6558,2:11 AM,1994,1500 Club Coupe,GMC
11/14/2016,19211,20338,23447,31388,212-83-9801,4:48 PM,2007,Camry,Toyota
11/22/2016,14910,18409,25736,33035,516-97-2587,9:37 PM,1992,Club Wagon,Ford
8/16/2017,11207,16202,22125,34327,308-99-0291,9:19 PM,2005,Z4,BMW
7/11/2017,15003,20247,24776,13990,570-50-7555,8:58 PM,2011,Navigator,Lincoln
3/8/2017,16028,23165,28790,38857,313-20-4801,5:05 PM,1993,Pathfinder,Nissan
8/24/2017,11499,29791,22714,30916,624-33-1360,11:07 PM,2004,Passat,Volkswagen
10/7/2016,18870,22266,22189,26071,446-83-2118,6:13 AM,2012,A8,Audi
5/23/2017,11928,21911,23804,28854,363-43-5587,5:57 PM,1994,Tercel,Toyota
12/29/2016,17573,14976,22896,39925,347-06-6876,3:09 AM,1997,Express 3500,Chevrolet
2/4/2017,13383,15489,27627,17556,737-94-4710,2:50 PM,1986,SJ,Suzuki
7/26/2017,17767,22277,23849,14280,281-02-5695,4:24 PM,1993,B-Series,Mazda
1/11/2017,10527,16706,29601,16873,409-56-1710,2:12 AM,1999,Ram 1500,Dodge
5/18/2017,13165,10000,28456,16429,504-50-1983,12:44 PM,1996,300ZX,Nissan
10/30/2016,16192,16367,20300,39162,450-22-9796,7:48 PM,2005,Armada,Nissan
2/23/2017,13709,29296,23384,24165,835-31-0057,2:32 AM,1996,Jimmy,GMC
3/28/2017,16991,10862,20020,27095,506-04-7510,6:51 PM,1967,Tempest,Pontiac
9/28/2017,17286,10569,26629,19384,896-61-9265,5:36 PM,2008,Spectra,Kia
4/21/2017,17083,23108,26502,14575,271-50-2964,9:42 PM,2005,Golf,Volkswagen
3/12/2017,15915,26284,24151,18321,263-20-2976,6:44 PM,2002,New Beetle,Volkswagen
1/25/2017,16321,15188,21251,12204,167-33-9332,12:30 PM,2011,Azera,Hyundai
5/18/2017,10831,10366,23841,16846,557-51-7313,10:06 PM,2010,Avalon,Toyota
1/4/2017,11170,17031,25224,22473,394-15-6721,2:26 PM,2003,S2000,Honda
9/4/2017,15045,26074,26594,12764,894-84-0513,1:50 PM,1993,Space,Isuzu
2/18/2017,16444,29260,23590,23880,835-20-1106,6:29 AM,1993,850,Volvo
2/20/2017,18972,29415,20172,35429,451-34-4756,8:42 AM,2005,Dakota,Dodge
8/30/2017,14316,12618,20767,12283,658-66-3230,3:08 AM,2009,tC,Scion
10/3/2017,12302,12598,20952,35651,638-68-8455,6:04 AM,2011,Lancer,Mitsubishi
8/16/2017,14700,27888,27345,36648,224-41-5208,1:51 AM,2002,PT Cruiser,Chrysler
8/16/2017,12853,25870,21707,35134,485-68-4702,7:03 PM,1990,Reatta,Buick
8/9/2017,19898,12891,24035,22520,330-03-5283,12:59 AM,2009,Z4,BMW
10/8/2016,12146,28619,24679,13383,659-50-9341,7:01 PM,2013,Sonata,Hyundai
7/21/2017,13685,24959,20460,27017,364-96-0903,11:12 PM,2001,G,Infiniti
5/1/2017,12914,14985,29820,13134,261-30-6366,8:15 PM,2012,GLK-Class,Mercedes-Benz
7/4/2017,19057,28461,26546,33453,293-43-1813,2:08 AM,2006,Ram 1500,Dodge
7/31/2017,14815,27037,21087,27618,820-11-8402,3:13 AM,1984,Topaz,Mercury
7/2/2017,11721,23565,25341,25500,394-42-3630,2:21 PM,1989,Estate,Buick
5/8/2017,12974,22122,20265,13724,389-47-6550,12:56 AM,1993,Trans Sport,Pontiac
5/1/2017,12900,13694,23137,20369,264-52-5402,7:48 PM,2002,Lanos,Daewoo
4/17/2017,11037,28534,23691,28351,684-55-4082,1:14 PM,2006,C-Class,Mercedes-Benz
8/29/2017,16020,11760,24190,35668,722-52-8132,9:53 PM,2006,Durango,Dodge
2/15/2017,13993,27624,23366,20939,323-73-2181,2:01 AM,2011,Prius,Toyota
9/6/2017,16924,28399,29464,26681,505-59-1063,6:45 PM,2002,Optima,Kia
10/30/2016,12670,15072,22720,12346,375-21-5973,1:28 AM,2008,XJ,Jaguar
9/24/2017,15258,12480,23011,22177,116-44-7225,10:09 AM,2005,57S,Maybach
5/17/2017,14310,24705,20483,29237,869-02-4383,5:16 PM,2000,Cabriolet,Volkswagen
10/30/2016,16733,29722,25290,27153,751-72-0403,7:17 AM,1985,Golf,Volkswagen
1/26/2017,10255,25908,22865,33850,213-79-3458,7:14 AM,1992,Stanza,Nissan
3/22/2017,11602,16745,27453,13937,643-42-9334,12:01 AM,2009,Acadia,GMC
1/13/2017,10548,27702,26047,31784,530-54-1443,2:52 AM,1979,280ZX,Nissan
2/1/2017,11931,29722,28465,15807,163-52-6538,10:14 PM,2008,Lancer Evolution,Mitsubishi
1/22/2017,18560,14552,20747,39605,264-58-1394,8:32 AM,2012,Fit,Honda
6/24/2017,13263,18073,25873,32503,255-76-9233,7:23 PM,1993,Crown Victoria,Ford
10/31/2016,16000,12300,21591,35134,624-76-6514,1:23 PM,2004,Savana 2500,GMC
8/13/2017,10012,25300,27014,14539,800-25-9566,5:28 PM,1998,Integra,Acura
10/6/2016,17325,17531,24615,39777,369-62-6741,2:19 PM,2012,GLK-Class,Mercedes-Benz
2/27/2017,16028,18725,28185,35723,418-81-9365,1:23 AM,1984,Esprit Turbo,Lotus
1/22/2017,11671,10377,22195,38705,178-54-3493,5:37 PM,2011,9-5,Saab
9/22/2017,17911,27299,27715,27793,351-21-3658,3:18 AM,2000,XJ Series,Jaguar
6/3/2017,13624,19856,25843,39179,831-73-7044,2:18 PM,1994,Yukon,GMC
7/3/2017,13889,23480,24767,16438,356-29-9626,9:34 AM,2011,RDX,Acura
5/15/2017,10263,14906,23736,14655,131-77-8372,2:35 AM,2009,Mountaineer,Mercury
11/20/2016,17331,29117,29236,31524,766-01-8205,9:57 PM,1995,T100 Xtra,Toyota
1/9/2017,16574,16497,26979,22584,255-95-4198,1:11 AM,1998,Cavalier,Chevrolet
8/18/2017,10786,14934,22912,31374,539-21-6590,12:23 PM,2008,SL-Class,Mercedes-Benz
3/1/2017,10809,21447,24219,30739,404-15-2500,9:56 PM,2011,Pilot,Honda
5/21/2017,17787,22257,21203,30548,795-11-5515,9:07 AM,2001,Silhouette,Oldsmobile
9/21/2017,18268,28416,20733,12672,242-61-2681,4:40 PM,1994,Cutlass Cruiser,Oldsmobile
9/30/2017,14406,21836,22174,23417,629-78-3281,9:09 AM,2008,Z4,BMW
7/14/2017,14139,26725,28313,29066,236-15-3327,12:51 PM,1990,Datsun/Nissan Z-car,Nissan
12/13/2016,18740,16824,26472,18380,222-62-6108,6:42 AM,1995,Celica,Toyota
6/16/2017,19162,20694,20919,38854,320-18-6030,5:20 PM,2003,Aerio,Suzuki
1/19/2017,17211,12557,24418,29939,383-03-2839,2:10 AM,1999,Galant,Mitsubishi
6/8/2017,17923,25984,26259,35695,159-45-1093,8:05 PM,2002,Seville,Cadillac
1/24/2017,14707,19655,22029,31342,544-78-0895,11:05 AM,1995,Aurora,Oldsmobile
4/1/2017,18778,13516,28619,22669,197-66-2271,3:55 AM,1986,EXP,Ford
9/20/2017,16302,16180,27485,30346,433-99-0819,6:01 AM,1992,3500,Chevrolet
5/30/2017,18879,11145,20597,30899,817-86-9836,12:29 PM,2010,Colorado,Chevrolet
1/11/2017,19601,11828,23379,18872,657-28-6555,7:02 AM,2008,C-Class,Mercedes-Benz
6/20/2017,14923,20600,27953,17114,815-98-2312,4:28 PM,1995,K5 Blazer,Chevrolet
8/24/2017,17162,17879,25084,16923,542-52-7651,12:22 AM,2002,9-3,Saab
3/13/2017,14049,26194,20100,27856,284-91-4304,10:42 PM,2007,Jetta,Volkswagen
1/14/2017,15382,11825,20019,25399,832-22-5450,3:52 AM,2008,SLK-Class,Mercedes-Benz
12/29/2016,12261,17822,20680,17873,494-78-7930,11:39 AM,2012,Matrix,Toyota
1/5/2017,19608,18702,27548,18505,870-81-2582,2:53 PM,2008,Lancer Evolution,Mitsubishi
12/1/2016,11406,24145,23792,24618,336-03-1458,7:02 PM,2005,Colorado,Chevrolet
4/18/2017,11957,22488,23085,31492,181-01-3199,4:45 AM,2006,Jetta,Volkswagen
10/28/2016,17736,15818,27541,16740,153-20-3997,2:10 PM,2010,A4,Audi
7/30/2017,19387,16224,25440,10989,360-89-6115,7:18 AM,1984,Brat,Subaru
1/26/2017,18302,27008,28013,38705,668-38-3567,2:57 AM,1997,Accent,Hyundai
1/15/2017,14008,23326,28282,38532,113-89-1171,9:19 AM,1993,M5,BMW
10/29/2016,15179,29632,25614,32487,169-62-6828,8:06 PM,2012,MX-5,Mazda
5/6/2017,18139,22006,27479,24843,182-07-1695,11:12 AM,2012,Acadia,GMC
11/19/2016,12858,25123,21973,25547,885-44-8505,2:15 PM,2002,Passat,Volkswagen
9/7/2017,19095,26811,20501,37602,898-44-2428,5:57 AM,1993,Colt Vista,Plymouth
9/8/2017,12250,15125,26170,37588,550-01-5826,9:40 PM,2012,CX-9,Mazda
4/20/2017,15749,22625,26429,18783,234-72-5151,9:53 AM,1991,Fox,Volkswagen
10/5/2016,15363,19206,20799,19420,220-92-1382,6:00 AM,2002,M3,BMW
6/30/2017,10161,27864,24472,39306,779-90-0776,12:02 AM,2010,Grand Marquis,Mercury
11/9/2016,15574,24798,29329,14468,734-14-6745,10:27 AM,2002,Outback Sport,Subaru
7/13/2017,16091,24411,24904,35960,261-92-1753,8:51 AM,2011,DBS,Aston Martin
11/22/2016,13620,13107,28762,15270,646-61-1263,3:37 PM,2001,Ram 1500 Club,Dodge
11/12/2016,17435,23942,29330,15579,807-67-6202,12:12 AM,2006,525,BMW
11/21/2016,11353,28585,26919,35548,840-20-8178,4:19 AM,2012,Camaro,Chevrolet
9/29/2017,13723,12168,20621,23640,329-92-0752,1:23 PM,1993,Previa,Toyota
10/28/2016,13829,27189,24036,14650,323-71-7741,3:51 AM,2008,M3,BMW
9/13/2017,13587,22049,25937,23337,259-59-5645,11:54 PM,2011,SRX,Cadillac
4/1/2017,19188,17263,28769,37999,363-83-5713,8:02 AM,2001,Diamante,Mitsubishi
1/17/2017,18486,25512,29879,21244,898-64-5657,6:25 AM,1995,300ZX,Nissan
2/24/2017,10850,28330,29187,27737,740-46-3182,2:24 AM,1992,9000,Saab
7/17/2017,14036,14675,29769,37306,406-63-6224,4:46 PM,1995,DeVille,Cadillac
11/5/2016,11348,25826,20927,27668,442-01-8981,8:51 PM,1988,RX-7,Mazda
4/14/2017,14271,10612,27468,37711,272-82-5081,11:50 AM,2008,Focus,Ford
8/30/2017,16701,26632,26497,22199,722-21-7826,6:10 AM,2000,Savana 1500,GMC
11/25/2016,13505,24281,27295,16274,803-83-0798,6:26 PM,1993,Tercel,Toyota
7/15/2017,19839,29217,28817,36931,124-31-0997,5:45 PM,2005,E-Series,Ford
11/13/2016,17432,17458,26277,29729,773-84-6376,10:20 PM,1997,T100,Toyota
3/26/2017,18575,12504,21992,10075,279-50-3999,9:04 AM,2012,E-Class,Mercedes-Benz
8/7/2017,19118,14322,23208,19829,489-87-0157,8:20 AM,2011,Colorado,Chevrolet
1/25/2017,16042,28262,27161,26583,574-17-1891,11:19 PM,1998,2500,GMC
1/9/2017,12944,17892,24930,24599,790-41-8770,6:35 PM,2006,Tiburon,Hyundai
10/10/2016,19620,28563,28450,29826,169-61-5362,1:24 PM,2012,C/V,Ram
7/20/2017,18296,18029,23267,25130,758-83-6963,6:44 PM,2010,Santa Fe,Hyundai
2/20/2017,14932,21115,26516,31468,740-43-6993,11:40 AM,2005,Pilot,Honda
10/17/2016,17526,29282,25126,18406,459-94-9913,11:18 PM,1993,LeBaron,Chrysler
11/25/2016,17504,11729,21222,15332,457-36-1779,11:27 PM,2011,Challenger,Dodge
3/20/2017,10195,28636,29332,22023,545-49-4163,5:31 AM,2011,Caravan,Dodge
6/13/2017,10681,26686,20142,34171,886-11-4088,7:00 PM,2007,Commander,Jeep
7/21/2017,14941,17122,22254,20118,372-86-5152,10:28 AM,2008,Tacoma,Toyota
10/19/2016,16398,10413,23449,12850,818-81-5430,5:47 PM,1999,Silverado 2500,Chevrolet
6/11/2017,12763,23534,24559,23466,445-69-8974,6:58 AM,2001,Durango,Dodge
5/27/2017,17116,29791,23661,23080,194-19-6015,12:39 AM,2008,RS 4,Audi
6/30/2017,10026,26967,29352,36776,688-83-6285,1:14 PM,2000,Esteem,Suzuki
8/19/2017,12295,29922,25397,24618,447-04-1454,12:45 PM,2011,Element,Honda
8/11/2017,16703,23918,21423,19573,503-72-4983,7:02 PM,2004,Mustang,Ford
9/25/2017,15746,26663,29877,33580,498-93-6710,3:50 AM,2011,Exige,Lotus
5/7/2017,10199,12284,23002,24409,652-59-9666,7:51 PM,2006,Rabbit,Volkswagen
3/9/2017,16462,24161,25062,14939,784-10-0888,9:50 PM,2006,Range Rover,Land Rover
9/1/2017,13748,29040,21330,21953,456-88-0907,9:20 AM,1995,7 Series,BMW
5/1/2017,12520,12837,29171,29182,660-31-7353,7:15 PM,1996,RAV4,Toyota
5/20/2017,13682,27305,25934,16394,226-80-5760,6:47 AM,2004,Passat,Volkswagen
11/8/2016,15421,19885,25432,13678,364-96-9955,12:18 AM,2002,Trooper,Isuzu
11/14/2016,16735,18447,20378,28549,665-89-6789,4:54 PM,1996,Trooper,Isuzu
3/1/2017,15580,15842,25562,16065,704-18-1348,4:21 PM,2012,X5 M,BMW
2/23/2017,19558,25658,22553,26603,813-50-9439,4:02 AM,2011,Galant,Mitsubishi
1/25/2017,15329,28414,24238,15194,298-88-8078,1:36 PM,1984,Bronco,Ford
4/2/2017,19348,18389,23383,24413,536-14-0154,2:33 PM,2008,S4,Audi
8/11/2017,19095,24366,28173,22878,546-79-7098,10:51 PM,1995,Explorer,Ford
9/25/2017,15665,13758,25447,31955,846-06-9625,4:59 PM,1990,929,Mazda
3/1/2017,11615,20965,25640,38507,573-55-0713,6:44 PM,2008,Commander,Jeep
1/29/2017,14179,19363,24941,10816,293-28-2986,1:48 PM,2012,Avenger,Dodge
4/15/2017,11578,16207,28175,35088,411-33-0914,1:47 AM,2011,Z4,BMW
11/21/2016,19008,13514,22474,14314,302-70-1422,1:31 AM,1995,Tacoma,Toyota
4/9/2017,15550,22784,21413,10932,396-14-2403,7:41 PM,2005,Insight,Honda
3/5/2017,10810,16909,23411,17161,715-65-3871,7:24 PM,1997,Savana 3500,GMC
8/4/2017,15775,25867,20836,29659,221-50-1376,10:00 PM,2010,F150,Ford
12/26/2016,14370,28895,22665,34646,111-24-9497,7:11 PM,1992,1500,Chevrolet
1/28/2017,18489,18010,23170,36387,709-67-4233,3:27 PM,1960,Rockette,Fairthorpe
3/11/2017,14246,15952,27111,28668,873-54-8329,6:26 PM,2010,Wrangler,Jeep
4/8/2017,19946,17511,25008,29756,831-89-9573,5:37 AM,2010,GL-Class,Mercedes-Benz
6/4/2017,11437,28218,23013,13444,526-56-5929,6:27 AM,1997,Aerostar,Ford
6/18/2017,11789,26469,21100,22325,767-75-1143,11:31 PM,2003,Matrix,Toyota
1/28/2017,10222,22094,25875,36344,240-86-4302,7:41 AM,1989,Laser,Ford
4/5/2017,14372,29853,24108,22138,721-17-7869,11:43 AM,2006,760,BMW
9/18/2017,16118,29264,28667,21631,711-92-1529,10:15 PM,1992,Prelude,Honda
5/26/2017,13710,25817,21788,19088,349-12-8642,2:13 AM,2006,Baja,Subaru
6/7/2017,14216,21736,25691,12853,467-90-0257,7:31 AM,2000,A6,Audi
10/26/2016,18985,17244,20027,14483,623-41-4948,3:16 PM,2001,TL,Acura
4/8/2017,18680,10112,22690,27756,252-70-1340,7:27 PM,2005,Matrix,Toyota
3/2/2017,10690,16473,25795,13417,305-69-2011,8:08 PM,2012,Escalade,Cadillac
2/5/2017,13651,17011,20280,17054,882-71-5229,5:14 AM,1990,Talon,Eagle
10/10/2016,15011,16061,22899,10162,428-06-2972,2:53 AM,1988,Regal,Buick
11/28/2016,14510,28552,20889,15467,386-50-7782,11:26 AM,2010,MKS,Lincoln
7/19/2017,19565,13073,29122,36133,335-04-3178,1:16 PM,1999,E-Class,Mercedes-Benz
11/4/2016,16004,16553,23303,18675,460-79-4192,6:51 AM,1992,Tercel,Toyota
11/3/2016,10721,11124,28481,11783,655-88-8861,6:43 AM,2011,Miata MX-5,Mazda
4/23/2017,14561,27230,28416,32060,516-49-6287,10:16 PM,2003,New Beetle,Volkswagen
1/15/2017,12094,15651,25124,11468,641-15-3044,12:00 PM,1989,Cougar,Mercury
12/26/2016,10357,10999,22240,32636,801-48-3527,3:08 AM,2004,Elantra,Hyundai
4/15/2017,10884,17439,22528,24886,167-59-5552,6:15 AM,2012,GTI,Volkswagen
11/22/2016,19757,10998,24963,34636,867-74-3410,6:49 AM,2007,Boxster,Porsche
10/21/2016,10495,17958,20555,28165,846-52-8628,11:15 PM,2001,9-5,Saab
5/11/2017,19140,19908,20656,30010,220-23-1514,8:33 PM,2003,XC90,Volvo
8/25/2017,11641,16851,25592,21506,691-32-4984,1:33 AM,1994,Park Avenue,Buick
11/1/2016,12767,21667,22957,17078,373-39-8540,7:07 AM,1991,Legacy,Subaru
3/8/2017,15993,22327,23184,33628,857-88-1858,5:12 AM,2007,Touareg,Volkswagen
5/1/2017,16722,19380,29388,36156,473-27-3905,1:55 AM,1995,Discovery,Land Rover
11/13/2016,19020,12962,20491,30366,291-81-4089,6:34 AM,1995,Cavalier,Chevrolet
3/20/2017,12963,11601,27243,26195,527-52-1160,1:03 PM,2004,Canyon,GMC
3/13/2017,18717,18660,21648,34993,574-24-1246,12:01 AM,1995,Passat,Volkswagen
2/8/2017,11932,29508,28525,25932,138-52-9316,2:09 PM,1996,Quest,Nissan
3/21/2017,13819,14754,26960,28344,877-87-7422,8:34 AM,2000,3500,Chevrolet
2/27/2017,16609,16567,21019,16220,573-81-9957,10:54 AM,1995,98,Oldsmobile
2/20/2017,16184,10001,25423,27290,495-06-9665,8:54 AM,2006,Five Hundred,Ford
8/24/2017,15439,19819,28034,17738,840-04-7588,2:00 AM,2000,Ram 1500 Club,Dodge
4/4/2017,11034,10996,26488,14929,464-69-8173,7:16 AM,1996,Ram 3500 Club,Dodge
11/6/2016,18027,16854,27063,12640,657-08-8119,10:24 AM,2006,Montero,Mitsubishi
6/5/2017,19668,13939,24654,32549,243-29-0496,4:30 PM,2003,Taurus,Ford
8/29/2017,17119,10223,20503,31749,546-43-8534,10:39 AM,1997,S-Class,Mercedes-Benz
12/25/2016,19811,18874,23817,29973,265-41-2111,4:44 PM,2010,C-Class,Mercedes-Benz
8/26/2017,16237,10035,23573,24261,641-08-6496,6:09 AM,2001,Aurora,Oldsmobile
12/12/2016,11205,14554,26134,31844,898-63-7944,9:37 AM,1999,Windstar,Ford
11/8/2016,14166,11153,27886,14307,149-21-6760,2:04 AM,2012,Mazdaspeed 3,Mazda
4/12/2017,14713,20461,20358,29187,642-32-6356,9:10 AM,1985,LeSabre,Buick
8/2/2017,15773,22129,23341,24024,295-01-9715,4:27 PM,1989,430,Maserati
6/13/2017,15090,28763,22014,25307,763-07-1245,4:29 PM,1996,Elantra,Hyundai
10/21/2016,17546,27073,28087,15475,194-58-9938,10:30 AM,1998,G-Series 2500,Chevrolet
2/1/2017,11665,17261,26486,37268,814-36-9117,2:45 AM,2006,Optima,Kia
4/19/2017,14895,14965,28854,28336,882-16-0599,10:21 PM,2011,Corolla,Toyota
6/11/2017,18143,16456,29077,35024,726-56-0308,9:56 AM,2010,MDX,Acura
1/27/2017,18592,23897,29855,32656,302-28-6683,5:15 AM,2009,F350,Ford
11/7/2016,15467,24885,20209,33173,800-48-3102,9:59 PM,2011,Routan,Volkswagen
9/23/2017,12809,10826,26529,19007,308-74-9453,9:04 PM,2008,Murci√©lago,Lamborghini
11/25/2016,18662,28828,22332,39958,861-79-4727,9:11 PM,1984,Biturbo,Maserati
6/6/2017,17605,25027,27055,11661,504-96-2462,3:17 PM,2001,Boxster,Porsche
6/23/2017,15655,12372,21471,25535,128-93-7372,2:53 AM,2006,Endeavor,Mitsubishi
6/23/2017,19317,12781,27053,20793,569-05-2087,4:58 PM,1992,Integra,Acura
3/29/2017,14817,12343,28324,37046,282-58-7670,8:35 AM,2003,GS,Lexus
4/30/2017,11117,29497,24309,12989,538-05-3861,8:37 AM,2008,Envoy,GMC
7/23/2017,15856,23330,26270,24571,391-46-0386,1:41 PM,1990,Type 2,Volkswagen
6/28/2017,18276,19751,27778,10487,605-43-0302,12:28 AM,2002,Nubira,Daewoo
5/23/2017,10311,24328,21567,23550,559-32-6547,9:50 PM,1996,Discovery,Land Rover
1/7/2017,10021,14988,22090,30611,620-65-5746,12:13 PM,2001,Echo,Toyota
1/16/2017,11102,20013,21778,33655,317-17-0431,10:55 AM,1987,Type 2,Volkswagen
11/25/2016,11560,29464,24421,12168,513-20-8703,1:11 PM,2008,Optima,Kia
3/24/2017,16669,18344,27735,33158,349-23-6781,4:22 AM,1993,300E,Mercedes-Benz
1/2/2017,15157,11714,20584,30858,606-72-0804,3:12 AM,1989,Regal,Buick
8/11/2017,14620,28380,24305,15226,208-37-3073,7:06 PM,2007,599 GTB Fiorano,Ferrari
6/5/2017,19647,18768,20820,38581,458-60-4035,1:47 PM,2003,Impreza,Subaru
5/17/2017,10083,15029,27540,37433,690-69-1764,10:38 AM,2011,Equator,Suzuki
2/12/2017,17056,13215,26458,35420,668-71-8102,9:22 PM,1997,Probe,Ford
7/23/2017,18778,13357,21900,27126,586-60-7852,12:14 AM,2007,Altima,Nissan
5/3/2017,11350,20639,24491,37376,552-07-5435,2:34 AM,1986,Mustang,Ford
11/11/2016,12692,29105,27038,15883,396-28-7464,9:40 PM,1967,Fairlane,Ford
10/3/2017,16905,15081,27324,36683,396-22-9423,12:52 PM,1996,G-Series 2500,Chevrolet
5/27/2017,16844,15648,21329,35818,331-17-6401,2:50 AM,2009,Continental Flying Spur,Bentley
6/17/2017,12980,25500,21940,36079,726-73-0493,9:23 AM,2003,Pajero,Mitsubishi
10/31/2016,11174,24219,21641,16576,815-90-8135,10:16 AM,2010,Focus,Ford
6/8/2017,13407,11068,25683,28944,838-53-2906,3:03 AM,1979,Mustang,Ford
7/2/2017,12647,10891,24838,23002,488-44-1889,11:38 PM,1995,Cabriolet,Audi
10/6/2016,17629,18596,23256,15399,690-46-9120,10:00 PM,1988,Integra,Acura
3/25/2017,18010,22397,26875,35406,586-76-8674,10:00 PM,2002,S40,Volvo
12/9/2016,10302,20572,24354,22293,705-05-1280,9:16 AM,2001,M5,BMW
4/13/2017,16498,18074,24118,33652,611-94-7776,2:37 PM,2007,Suburban 1500,Chevrolet
5/22/2017,13188,13048,22039,22857,350-59-1680,4:28 AM,1993,500SEC,Mercedes-Benz
3/27/2017,11837,29245,28576,27903,817-23-1992,7:44 AM,2009,A4,Audi
4/23/2017,18283,27790,20305,24782,427-55-3618,8:22 AM,2005,Endeavor,Mitsubishi
2/3/2017,15585,13904,24152,39119,111-34-1270,6:56 PM,2000,Leganza,Daewoo
5/10/2017,11122,16243,20197,16224,892-09-9419,6:37 AM,1990,90,Audi
2/28/2017,17066,17653,29429,39762,391-74-6147,1:43 AM,2003,M3,BMW
5/3/2017,10692,28915,29705,31725,573-20-8299,4:10 PM,2008,Continental Flying Spur,Bentley
11/13/2016,13208,25998,26756,38992,194-08-6493,7:58 AM,1991,911,Porsche
5/9/2017,12756,21079,23371,20849,772-82-2278,12:42 AM,1999,Forester,Subaru
5/20/2017,15953,28672,26493,17562,553-84-3519,4:46 PM,2003,CL-Class,Mercedes-Benz
1/7/2017,19185,17250,21970,29670,534-24-0126,5:54 AM,2012,Forester,Subaru
9/18/2017,14720,28811,25835,37444,822-82-5175,8:25 AM,2001,Suburban 1500,Chevrolet
4/22/2017,16123,15527,26583,22664,702-03-0501,10:11 PM,1992,Thunderbird,Ford
9/21/2017,17257,17240,23670,30245,402-85-3089,9:32 AM,2008,G35,Infiniti
2/7/2017,19081,15866,25814,23425,336-37-9933,1:49 AM,1993,Ram Van B350,Dodge
6/7/2017,14137,15934,24883,32301,523-65-3367,8:47 AM,1993,Loyale,Subaru
7/27/2017,15123,29499,26020,34653,612-77-1007,8:11 AM,2001,Spectra,Kia
10/12/2016,13114,15481,20710,35893,362-05-8694,6:46 AM,1998,Passat,Volkswagen
10/1/2017,15363,22301,27279,33542,490-45-4546,6:12 PM,2003,Rodeo,Isuzu
6/10/2017,17517,25544,27252,20744,582-15-8794,10:54 AM,2012,Grand Caravan,Dodge
4/7/2017,17690,17897,29291,37874,640-79-1013,11:26 PM,1991,944,Porsche
8/30/2017,13395,23161,27173,34093,789-62-0780,6:58 PM,1993,Ranger,Ford
3/21/2017,19645,14605,24871,27975,221-05-4471,6:39 AM,2002,Passat,Volkswagen
6/22/2017,10108,14492,28806,28050,534-46-3135,12:35 AM,1994,Grand Voyager,Plymouth
8/29/2017,16028,26307,21261,33523,565-38-0446,3:26 AM,1992,Riviera,Buick
9/28/2017,16520,16776,27691,16021,199-23-8217,12:53 PM,1985,RX-7,Mazda
2/1/2017,19014,23184,26765,15676,633-12-4708,4:06 AM,2007,Sierra 1500,GMC
10/18/2016,18288,29288,27942,10538,808-80-1484,11:23 PM,2006,Yukon XL,GMC
11/21/2016,18612,12297,22291,37543,654-97-3824,2:02 AM,1994,Colt,Dodge
10/16/2016,17806,25019,28063,22503,237-59-0793,9:38 PM,2007,612 Scaglietti,Ferrari
4/4/2017,13136,21188,22377,15445,539-42-1728,4:44 PM,2011,SX4,Suzuki
12/11/2016,15280,18320,25220,39317,420-02-0651,4:17 AM,1988,928,Porsche
9/28/2017,19863,15774,26009,13816,170-67-8078,5:33 AM,2010,Altima,Nissan
10/26/2016,10206,11873,20750,26670,266-11-4510,12:18 PM,2008,Veracruz,Hyundai
11/12/2016,11611,12665,25702,34400,616-91-0561,3:07 PM,1992,940,Volvo
5/12/2017,18023,16362,26102,37864,791-19-7333,3:11 PM,1994,MX-6,Mazda
9/27/2017,19847,15887,29741,13750,785-86-6762,3:37 PM,2000,Neon,Plymouth
9/16/2017,16548,18049,23464,37377,787-75-5605,11:17 AM,1997,Camry,Toyota
3/16/2017,14654,25991,25127,21471,868-42-9594,3:58 PM,1994,960,Volvo
9/2/2017,13884,11541,26853,15818,293-28-8265,5:34 AM,1999,Cirrus,Chrysler
7/13/2017,13243,29306,24597,36014,187-54-7203,7:22 PM,2008,Escape,Ford
5/16/2017,12504,16347,28094,39199,228-26-8478,10:20 AM,1998,H1,Hummer
2/26/2017,18836,16405,29452,35095,691-94-2947,1:15 PM,1998,Continental,Lincoln
7/27/2017,17290,20560,27680,31277,819-32-7592,3:50 AM,2009,XJ,Jaguar
4/9/2017,17086,19533,22194,31022,801-35-9003,4:39 AM,1996,960,Volvo
6/30/2017,17290,19332,27612,30647,154-37-2763,8:54 AM,1999,Aurora,Oldsmobile
1/15/2017,18813,13873,24662,34426,145-06-2477,5:10 PM,1994,900,Saab
9/8/2017,11239,27679,26749,37394,430-22-3651,3:56 PM,2012,Mazdaspeed 3,Mazda
8/16/2017,10195,10770,22537,10226,112-24-9949,12:10 AM,1995,7 Series,BMW
9/13/2017,17046,25283,25385,16451,251-95-7062,4:32 AM,2011,5 Series,BMW
9/16/2017,17535,22161,22059,38103,270-69-5483,7:34 PM,2004,Escalade EXT,Cadillac
5/24/2017,11216,16250,24750,35544,165-56-5774,6:56 PM,2007,H2,Hummer
9/8/2017,17299,18142,28753,32388,256-35-7766,2:25 PM,2001,Dakota Club,Dodge
10/11/2016,12560,13772,27920,39933,362-52-6000,2:27 PM,2000,Montero Sport,Mitsubishi
10/18/2016,15314,10505,26218,11706,743-30-3803,1:10 AM,2006,CLS-Class,Mercedes-Benz
3/7/2017,12620,15888,21129,14045,226-25-6962,7:32 PM,1994,Lumina,Chevrolet
5/29/2017,12715,23517,28471,18788,584-09-7679,11:51 AM,2008,Veracruz,Hyundai
8/24/2017,11052,19179,21321,39099,527-29-9825,10:01 PM,2006,Savana,GMC
9/3/2017,16102,18732,20132,33885,534-36-6182,7:28 PM,2008,F-Series,Ford
3/4/2017,18066,19753,29845,27647,362-91-2373,2:12 PM,2001,Avalon,Toyota
8/20/2017,13126,27931,25688,34687,143-23-9394,9:22 PM,1991,Corrado,Volkswagen
3/28/2017,15670,21144,21075,36164,809-31-7038,2:39 PM,1958,600,BMW
7/27/2017,19666,16030,29670,21486,187-89-1834,6:16 PM,2002,Savana 2500,GMC
4/14/2017,10889,19198,23166,31551,899-30-2515,4:06 PM,2000,911,Porsche
5/12/2017,17846,16646,25923,39369,587-83-5035,10:35 AM,2004,Yukon XL 2500,GMC
9/21/2017,19965,14247,21695,39066,713-82-3835,3:51 AM,1995,Sentra,Nissan
12/29/2016,10693,13937,20658,32070,248-96-5235,1:32 AM,1986,Mirage,Mitsubishi
8/31/2017,18646,13831,24693,23053,222-25-5248,11:27 PM,2011,E-Class,Mercedes-Benz
9/30/2017,10701,10371,27713,17766,258-83-3798,2:57 PM,2004,Wrangler,Jeep
5/21/2017,17824,29544,29855,15806,337-10-1359,1:50 PM,2008,X6,BMW
7/27/2017,12783,26536,27074,19398,198-46-9993,12:08 AM,2004,B-Series Plus,Mazda
7/1/2017,14127,16542,23232,18789,458-14-6079,7:39 AM,1994,Ram Van B150,Dodge
4/29/2017,10797,28213,28436,31674,824-93-2152,2:24 AM,1996,Viper,Dodge
8/5/2017,14916,23571,21592,25750,121-54-8742,12:29 PM,2007,Rainier,Buick
2/20/2017,18775,21515,23572,17232,838-94-7644,6:32 AM,2001,rio,Volkswagen
10/20/2016,12888,29183,21211,26788,331-64-9094,2:52 PM,1998,Amigo,Isuzu
9/11/2017,14787,13003,25725,33536,746-03-0244,11:59 AM,2005,Venture,Chevrolet
11/4/2016,13458,20345,20556,33254,664-75-4697,5:35 PM,2008,Express,Chevrolet
3/8/2017,10142,17378,27860,14622,567-52-6418,10:39 AM,2005,S4,Audi
8/31/2017,12629,24845,22047,21382,276-32-3800,5:09 PM,2012,Silverado 2500,Chevrolet
2/2/2017,10218,26676,25881,39837,253-63-7425,8:56 PM,1992,Sportvan G20,Chevrolet
8/22/2017,15444,27387,22473,37139,731-58-5626,6:18 PM,1998,Cabriolet,Volkswagen
12/4/2016,16859,16946,21129,17778,595-93-9632,6:54 PM,1985,Type 2,Volkswagen
12/28/2016,17217,10757,28986,18483,842-40-4251,11:09 PM,1993,Grand Voyager,Plymouth
7/20/2017,12343,22883,29242,22210,771-96-0725,2:05 AM,2008,Reno,Suzuki
9/22/2017,13551,19951,20478,28927,212-87-8363,1:41 PM,2012,Escalade EXT,Cadillac
8/5/2017,10402,25677,20889,24752,160-76-8779,9:34 AM,1989,Leone,Subaru
10/7/2016,17610,17111,25892,26417,888-76-2165,10:42 AM,2006,6 Series,BMW
4/18/2017,10112,16261,27418,39098,309-17-5584,5:37 PM,2010,Q5,Audi
1/13/2017,16971,17365,28627,28533,112-15-5805,4:14 PM,1998,NSX,Acura
8/30/2017,11614,17885,29288,34467,124-60-8606,10:05 PM,2011,Veyron,Bugatti
2/28/2017,19007,24642,26458,35611,853-54-5285,8:05 PM,2010,LaCrosse,Buick
11/11/2016,16819,15178,23696,35583,797-60-2112,7:10 AM,1998,Sonata,Hyundai
2/14/2017,18253,25535,22880,31546,138-94-1120,10:01 PM,2009,F-Series,Ford
2/23/2017,10158,19988,28508,28243,162-42-0785,11:06 AM,1991,XT,Subaru
9/24/2017,11047,28184,26569,22491,526-11-9711,2:47 AM,2002,Escalade EXT,Cadillac
12/18/2016,19393,15874,26748,20177,397-21-1580,10:39 PM,1998,Rodeo,Isuzu
1/4/2017,19010,24770,27502,18661,473-79-3259,3:31 PM,1993,Trans Sport,Pontiac
2/23/2017,18881,29562,20850,24783,346-21-1249,4:11 PM,2006,S2000,Honda
2/4/2017,17423,20932,29841,15617,567-83-0010,2:04 AM,2007,MKX,Lincoln
1/31/2017,10259,21513,23451,30062,520-63-6576,9:48 PM,2000,Avenger,Dodge
9/21/2017,10872,21825,21723,23513,539-35-6023,5:54 AM,1990,Fox,Volkswagen
9/16/2017,15082,12256,23952,36726,649-47-6351,3:56 AM,2012,RDX,Acura
2/4/2017,18559,13219,20317,17733,195-38-3035,8:20 PM,1987,S-Class,Mercedes-Benz
2/5/2017,15423,14871,20371,26145,632-93-3738,8:14 PM,2011,Durango,Dodge
10/1/2017,11055,23673,20449,30202,524-19-0660,1:07 AM,2005,Ascender,Isuzu
2/6/2017,15948,20707,22527,31628,407-34-5828,9:06 AM,2003,C70,Volvo
5/3/2017,17571,17825,24800,33974,777-67-7060,3:47 AM,1992,240,Volvo
6/24/2017,12663,17271,21245,24507,894-65-1810,9:59 AM,2009,Grand Marquis,Mercury
1/20/2017,16734,28894,26174,15426,207-76-6035,12:09 AM,1993,Tempo,Ford
1/11/2017,15540,21523,25739,19534,237-27-0074,6:27 PM,1998,Express 1500,Chevrolet
12/5/2016,16817,17010,25959,21599,737-03-3707,8:40 AM,2013,RX,Lexus
4/3/2017,18204,16548,24861,22117,456-47-0550,10:55 PM,1995,Rodeo,Isuzu
4/5/2017,11867,24447,25164,13232,713-96-3086,12:01 PM,2010,Rabbit,Volkswagen
10/11/2016,13204,17757,26652,27795,703-76-5439,11:25 AM,2007,Cooper,MINI
8/18/2017,18852,23636,20448,19054,776-96-3243,1:02 AM,2008,Aero 8,Morgan
10/18/2016,15296,10377,28867,26700,224-87-2104,7:28 PM,1993,Miata MX-5,Mazda
11/27/2016,15930,12577,25221,14165,393-91-6730,12:18 AM,2000,X5,BMW
12/18/2016,12776,27911,23931,19329,552-39-8337,2:11 PM,1994,Bronco,Ford
9/8/2017,16564,28149,20551,27870,386-30-9768,3:16 PM,1965,Grand Prix,Pontiac
12/7/2016,12592,26343,27230,35346,697-44-0963,8:39 PM,2002,Civic,Honda
2/13/2017,18689,22861,25229,18864,166-62-2394,11:41 AM,1991,Caprice,Chevrolet
2/1/2017,14550,14373,21702,14170,404-98-0350,9:15 AM,1988,Jetta,Volkswagen
7/14/2017,16957,18457,25660,19574,755-35-5728,4:13 AM,2012,300,Chrysler
9/9/2017,19330,26746,24997,25310,389-68-3650,11:02 PM,2006,MPV,Mazda
4/3/2017,10525,15395,29552,14590,413-14-0433,10:49 AM,2012,Grand Vitara,Suzuki
12/14/2016,15903,27683,27738,24456,125-69-8146,11:51 PM,2001,525,BMW
8/9/2017,19055,19986,27980,21775,584-71-9688,8:53 PM,1994,Grand Am,Pontiac
2/9/2017,12690,22886,25985,17088,202-46-2952,4:16 AM,2007,M5,BMW
8/17/2017,18280,13254,21390,26283,462-69-6566,4:49 AM,2009,1 Series,BMW
10/2/2017,17522,19998,26681,27703,664-48-7981,1:41 PM,2008,Elantra,Hyundai
2/18/2017,15859,21259,20282,37510,524-09-8308,5:00 PM,1986,Bronco,Ford
11/7/2016,14259,23944,22602,31285,737-89-4562,7:25 PM,2007,Tucson,Hyundai
10/3/2016,12346,17356,21544,39105,638-47-0006,2:28 PM,1997,S-Class,Mercedes-Benz
2/14/2017,12240,16554,27066,35012,222-84-6626,11:51 PM,2001,Express 2500,Chevrolet
1/12/2017,12466,25313,25355,13734,181-79-6884,11:52 PM,1989,Riviera,Buick
7/26/2017,12982,27901,21045,33131,647-93-3620,8:44 AM,1999,Suburban 1500,GMC
2/4/2017,12284,18574,24394,20821,883-23-6895,11:11 PM,1984,Escort,Ford
6/11/2017,19884,24165,26716,35921,426-33-2467,6:42 AM,2004,Civic,Honda
7/20/2017,19933,10147,29320,33719,234-89-6565,6:26 AM,2008,Pacifica,Chrysler
5/13/2017,12263,10305,20841,22064,714-27-3859,1:01 AM,2012,Equator,Suzuki
5/1/2017,12871,11145,24591,14032,650-23-3524,7:20 PM,2002,S40,Volvo
7/20/2017,12984,20842,20877,39931,121-28-6313,3:14 PM,1997,Express 3500,Chevrolet
7/15/2017,16870,12458,26983,32323,387-25-7110,6:33 PM,2000,SLK-Class,Mercedes-Benz
9/30/2017,11422,17686,29651,14492,267-10-3658,6:33 AM,1996,NSX,Acura
12/25/2016,16691,25914,22076,10987,338-53-5501,11:01 PM,2005,Yukon XL 2500,GMC
2/21/2017,16077,15121,26257,19047,150-93-1828,6:31 AM,1989,900,Saab
11/30/2016,10451,29981,25798,18027,802-40-4346,8:05 AM,2008,Camry Hybrid,Toyota
11/19/2016,17821,14906,20239,33186,273-82-0717,8:32 AM,1996,LS,Lexus
12/22/2016,12780,25890,20625,26507,338-92-0135,7:42 PM,2002,Neon,Dodge
5/21/2017,14295,24521,25969,27991,415-87-5141,6:12 PM,1999,Nubira,Daewoo
5/22/2017,18265,10966,29157,15583,127-69-9954,3:19 AM,1991,SJ,Suzuki
12/3/2016,10532,23892,26716,36066,170-38-8192,6:47 AM,2005,Phaeton,Volkswagen
6/4/2017,16344,29650,23560,33432,282-11-7178,10:16 AM,1989,900,Saab
9/12/2017,14128,17023,24442,38069,344-94-6509,12:44 PM,2008,XLR-V,Cadillac
7/15/2017,19384,26138,20503,38477,565-55-6849,3:57 PM,2007,DB9,Aston Martin
4/29/2017,17952,14836,29562,23702,698-07-5219,2:08 PM,2010,M3,BMW
10/16/2016,11118,16031,21228,34824,155-05-8104,10:00 AM,2008,Yukon XL 1500,GMC
1/13/2017,11007,28182,27850,13292,375-54-2737,7:25 AM,1992,Prizm,Geo
7/13/2017,11524,20470,29189,31081,891-36-9468,1:56 PM,2012,A4,Audi
12/25/2016,18545,28465,23247,33059,244-54-4848,11:26 PM,2012,Impala,Chevrolet
9/12/2017,18253,21905,24958,23006,838-06-8094,6:04 PM,1995,G-Series G30,Chevrolet
6/29/2017,18038,27609,28179,28861,404-36-0508,2:44 AM,1993,Lumina,Chevrolet
5/27/2017,17571,25692,23120,27587,700-85-3793,11:16 PM,2010,Routan,Volkswagen
6/19/2017,18903,17609,22362,13415,797-87-2120,8:42 AM,2008,E150,Ford
8/8/2017,13625,15420,29792,20537,275-94-0250,12:58 AM,2006,Escalade,Cadillac
7/1/2017,12195,20974,25353,33386,379-19-7909,8:37 PM,2001,V40,Volvo
12/21/2016,19181,27626,29421,20171,609-04-6308,9:02 AM,1997,Achieva,Oldsmobile
5/14/2017,14653,22948,22351,23292,804-59-7780,7:04 PM,1994,Metro,Geo
5/28/2017,11777,27842,26537,16347,240-17-4245,3:55 PM,1992,Ram Van B150,Dodge
10/14/2016,11979,18491,22386,27154,315-82-1570,2:33 AM,1993,Thunderbird,Ford
10/5/2016,14171,11971,22873,32853,767-03-6918,2:05 PM,2011,3 Series,BMW
9/8/2017,14171,16809,20046,22168,699-89-2548,9:10 PM,2006,Silverado Hybrid,Chevrolet
12/31/2016,10486,11187,22355,26719,253-22-0156,2:54 PM,1987,Bonneville,Pontiac
12/27/2016,19464,12998,25553,32940,688-54-3238,6:29 PM,1995,Protege,Mazda
3/4/2017,19565,27592,25078,16900,826-20-5842,5:35 PM,2005,Astro,Chevrolet
3/24/2017,17928,12264,22052,23815,802-12-3868,3:09 PM,1967,Falcon,Ford
12/22/2016,16535,17867,22914,15240,744-75-8016,4:20 PM,2011,MDX,Acura
5/12/2017,10743,29151,27903,30548,333-05-0942,8:23 AM,1991,Coachbuilder,Buick
4/26/2017,14706,14543,29222,39830,728-71-7356,5:17 AM,1992,8 Series,BMW
12/21/2016,12580,12924,25711,11906,360-48-3287,1:30 PM,2010,Elantra,Hyundai
9/14/2017,13064,10823,27028,15697,224-68-0040,7:50 PM,1995,Park Avenue,Buick
5/19/2017,15001,28222,29810,16259,562-87-3111,8:35 PM,2000,Catera,Cadillac
12/31/2016,13870,22086,20618,11122,333-44-6807,5:34 AM,2008,Typ-1,Aptera
8/15/2017,13621,20055,25386,20069,892-64-1227,12:44 PM,2001,Prowler,Chrysler
2/22/2017,19537,13834,20440,38726,344-05-7064,9:03 PM,1996,X-90,Suzuki
1/10/2017,18224,15708,24976,11774,744-66-9546,7:14 AM,2007,Grand Vitara,Suzuki
4/1/2017,10415,16943,29443,13883,282-46-8700,4:15 PM,1997,Regal,Buick
8/20/2017,16136,29500,21497,38295,555-76-2084,8:37 AM,2007,599 GTB Fiorano,Ferrari
4/24/2017,16516,27353,23232,12294,129-82-6310,2:45 PM,1993,Eclipse,Mitsubishi
5/18/2017,19374,15530,25502,16179,218-99-6466,4:35 AM,2003,Pilot,Honda
7/26/2017,10762,23661,27575,29188,305-47-7951,10:28 PM,1957,Corvette,Chevrolet
8/19/2017,12514,17090,26390,14599,613-72-5488,1:07 AM,2010,Type-1h,Aptera
2/22/2017,10929,17427,27441,12144,177-16-1090,1:15 AM,2008,S6,Audi
10/10/2016,14942,12430,26961,34969,726-53-0523,10:45 PM,2001,Fiesta,Ford
11/6/2016,14238,20193,28008,32233,766-47-4606,10:19 PM,2009,9-5,Saab
6/21/2017,10337,11104,24061,20727,251-26-0274,8:13 AM,1986,Biturbo,Maserati
1/27/2017,15662,27271,22425,26412,284-04-0263,3:56 PM,2010,RX-8,Mazda
4/20/2017,12302,27085,28140,13608,825-30-9954,11:58 PM,2006,Montana,Pontiac
6/27/2017,17664,29048,28874,31175,835-96-2843,1:53 PM,2003,MX-5,Mazda
1/19/2017,13028,25128,29439,22948,152-88-6928,6:33 PM,2008,S2000,Honda
4/21/2017,12915,29562,24506,37260,650-21-7958,4:02 AM,1984,Century,Buick
1/18/2017,16581,13761,24917,37382,100-55-7130,12:19 PM,1987,Leone,Subaru
2/5/2017,11183,19993,22617,16987,796-83-9881,9:49 PM,2008,Tucson,Hyundai
7/27/2017,15003,20784,26678,12614,450-30-2201,3:49 PM,1984,Firebird,Pontiac
10/16/2016,12178,14576,22713,11300,656-81-3501,4:38 PM,1999,Rodeo,Isuzu
8/28/2017,15086,13124,21709,38815,204-87-3603,6:35 AM,2002,Santa Fe,Hyundai
5/30/2017,18153,28009,27176,15520,837-51-8838,3:09 AM,2004,Avalanche 2500,Chevrolet
7/26/2017,11482,28944,25197,21128,123-51-6642,8:03 PM,2005,Pathfinder,Nissan
1/11/2017,19312,18039,26761,36245,546-25-9377,6:13 PM,2009,Nitro,Dodge
10/16/2016,17903,16988,24040,35495,520-22-7340,9:10 AM,1995,GTO,Mitsubishi
1/9/2017,13964,24732,23719,33805,247-76-2310,4:04 PM,1984,F250,Ford
1/1/2017,12399,26423,23681,27142,506-78-5248,6:20 PM,2002,Aurora,Oldsmobile
11/27/2016,14036,12929,29143,18717,565-21-4856,4:21 AM,1996,XJ Series,Jaguar
1/17/2017,15051,18996,22022,33852,132-98-3259,6:09 AM,2002,Econoline E150,Ford
3/5/2017,12560,27105,20565,12273,228-94-7730,5:49 AM,1992,100,Audi
9/29/2017,18418,11558,29357,24172,163-15-3385,12:47 AM,2001,Navigator,Lincoln
2/11/2017,18867,24618,29597,25775,525-72-2919,8:29 AM,1990,Grand Prix Turbo,Pontiac
10/22/2016,11581,28753,21963,27000,593-33-3654,12:05 PM,1993,F350,Ford
5/27/2017,10130,10629,20043,16907,113-53-2428,4:50 AM,2006,Yukon XL 2500,GMC
8/26/2017,15769,11944,28520,36149,606-40-6286,4:11 AM,2010,MX-5,Mazda
4/11/2017,16808,14059,28042,23905,715-41-4393,7:21 AM,2003,GX,Lexus
11/18/2016,16973,21547,20391,30063,857-90-7618,8:35 PM,2004,QX,Infiniti
8/17/2017,14366,19613,29134,34336,454-75-3358,1:55 AM,1994,Century,Buick
8/20/2017,15011,28335,27228,39974,542-49-9813,5:31 PM,2002,Axiom,Isuzu
1/25/2017,12561,22477,26919,34532,769-08-7210,5:33 AM,2009,V8 Vantage,Aston Martin
3/6/2017,13186,22814,23161,22324,521-22-7010,7:05 AM,2010,Endeavor,Mitsubishi
7/10/2017,19157,12396,23590,17255,839-86-0439,4:30 PM,2003,300M,Chrysler
7/15/2017,13032,29652,27975,15832,601-10-8454,11:01 AM,1994,Celica,Toyota
3/5/2017,19355,22343,25920,19889,376-43-1120,1:40 AM,1996,Monte Carlo,Chevrolet
7/16/2017,12497,16101,26311,18740,178-26-9508,1:02 PM,2000,Intrigue,Oldsmobile
11/28/2016,13319,15354,23868,16923,764-46-3452,6:58 PM,2005,Daewoo Lacetti,Suzuki
5/29/2017,16125,25356,23295,22934,650-57-7615,1:07 AM,1973,Grand Prix,Pontiac
7/2/2017,12044,10991,28910,24240,745-01-8056,11:17 AM,1998,S-Class,Mercedes-Benz
2/20/2017,10718,25841,28735,36821,694-22-1506,3:12 PM,2006,Jetta,Volkswagen
3/16/2017,18760,12438,23979,18754,496-59-6482,2:27 AM,1998,F250,Ford
4/18/2017,10692,14165,29133,28720,461-16-0043,6:53 AM,1996,Probe,Ford
12/28/2016,14698,22459,25326,35106,150-66-0374,3:10 AM,1994,Suburban 2500,GMC
3/10/2017,10153,26693,22020,16761,377-19-1962,11:16 AM,1992,F-Series,Ford
7/19/2017,14256,12507,22453,15695,419-16-3638,12:19 PM,1995,Lumina,Chevrolet
9/17/2017,18992,18798,25193,28036,814-89-3931,3:16 PM,1994,E-Class,Mercedes-Benz
3/2/2017,12029,17685,25738,36122,130-77-2551,3:08 PM,2008,Discovery,Land Rover
3/6/2017,19734,16965,25794,12463,877-63-6764,7:06 PM,2008,Avalanche,Chevrolet
4/21/2017,19058,12800,27490,18184,757-39-0047,6:24 PM,2004,CTS,Cadillac
1/26/2017,18223,13000,29694,22627,214-01-7552,4:54 PM,2006,Sebring,Chrysler
6/30/2017,19770,18829,21966,21316,779-13-1059,7:24 AM,2005,Equinox,Chevrolet
4/12/2017,10088,17435,26957,38079,584-61-8823,7:26 AM,1987,Sunbird,Pontiac
8/16/2017,10597,22251,27444,14127,548-78-0888,6:21 PM,2002,RSX,Acura
2/6/2017,18093,24991,23287,26813,270-70-5595,7:03 PM,2006,Liberty,Jeep
4/24/2017,13693,26857,22168,14696,882-52-8335,12:31 PM,2004,New Beetle,Volkswagen
11/28/2016,16073,15701,29887,38789,838-09-3606,4:45 PM,1998,T100,Toyota
9/10/2017,18658,17303,21416,22239,531-18-2264,2:30 PM,2004,545,BMW
2/2/2017,13981,16739,22334,18911,491-34-1784,2:33 AM,1995,Grand Cherokee,Jeep
7/28/2017,16185,16897,28799,24567,409-72-9411,2:08 AM,2007,Sierra,GMC
6/17/2017,13181,17676,29032,18400,448-03-7852,9:55 AM,2010,E-Series,Ford
10/3/2017,14310,20811,24837,39881,559-98-2673,12:29 PM,1990,SJ,Suzuki
3/12/2017,17778,21498,21923,22669,131-53-5674,9:40 PM,1996,Impala,Chevrolet
5/25/2017,11963,13207,22140,20218,175-24-9199,11:31 AM,1998,Mountaineer,Mercury
11/13/2016,13904,22906,27808,15236,500-65-0296,4:07 AM,1984,Skyhawk,Buick
12/16/2016,14241,21715,26782,20613,829-56-7305,12:59 PM,1998,T100,Toyota
12/27/2016,18469,16302,25284,38580,737-48-6015,1:54 PM,1988,Swift,Suzuki
4/11/2017,14888,13498,28940,27274,298-58-2813,10:07 PM,2006,F430 Spider,Ferrari
1/23/2017,16101,25107,29908,16553,118-21-6443,5:20 PM,2002,CLK-Class,Mercedes-Benz
10/13/2016,14841,26915,28319,11913,445-42-5100,4:37 PM,2003,Z8,BMW
9/14/2017,10865,26372,22047,35082,800-67-5396,1:22 PM,1993,Spider,Alfa Romeo
8/15/2017,12150,14186,20194,32619,310-58-3361,5:24 AM,2006,C70,Volvo
9/24/2017,12607,15466,25606,24335,556-58-4482,1:43 AM,1993,Park Avenue,Buick
11/25/2016,15980,27960,22753,34280,348-05-7993,11:31 PM,1994,Mark VIII,Lincoln
10/30/2016,12928,29005,21471,14132,649-86-6016,5:08 AM,2010,Escalade ESV,Cadillac
1/10/2017,18020,29123,20185,33380,470-66-3815,9:20 PM,1992,Amigo,Isuzu
12/29/2016,17376,12556,21684,24570,587-42-8648,3:28 AM,2003,Safari,GMC
12/31/2016,14690,20342,25088,17405,724-97-6197,10:44 AM,2012,Civic,Honda
7/31/2017,14573,15672,23775,30373,770-71-5803,10:40 AM,1993,Dakota,Dodge
9/29/2017,10868,15942,24949,33185,580-61-5876,1:44 AM,2011,Galant,Mitsubishi
9/8/2017,17953,18196,24940,17277,594-35-1738,5:58 AM,2010,S60,Volvo
6/16/2017,16173,24523,26914,31845,424-28-8287,12:16 PM,2002,Passport,Honda
7/22/2017,10691,26982,27993,35260,891-76-4842,8:34 PM,2007,Compass,Jeep
9/5/2017,16857,10566,27248,27790,552-27-2159,12:49 AM,2005,Coupe,Maserati
7/21/2017,13776,29825,22261,20550,512-47-8178,7:17 AM,2011,Azera,Hyundai
12/26/2016,19227,10181,23628,19710,647-92-4147,9:31 PM,1994,Diablo,Lamborghini
4/18/2017,17468,22530,24301,27296,602-27-6838,4:27 PM,2008,Navigator,Lincoln
1/2/2017,14497,22412,27308,30032,196-90-0687,5:51 PM,2011,GT-R,Nissan
6/9/2017,14096,15440,29659,23657,449-80-6700,6:59 AM,1992,Sonoma Club,GMC
10/28/2016,10848,14288,24429,17121,237-91-3978,8:32 AM,2008,A6,Audi
7/18/2017,14690,26902,23448,31110,599-88-6772,5:29 PM,2005,Savana 1500,GMC
10/5/2016,17573,19970,21327,18085,725-49-6119,6:02 AM,1979,LUV,Chevrolet
4/19/2017,11149,21572,22786,11537,343-52-9069,7:02 PM,2008,Camry Hybrid,Toyota
9/5/2017,12640,26643,20831,37420,410-73-4096,9:29 AM,1991,Sentra,Nissan
9/2/2017,10846,28473,23147,11179,368-81-3171,10:07 AM,2004,Aviator,Lincoln
1/2/2017,18998,26277,20318,15494,211-53-9816,4:52 AM,1992,2500,Chevrolet
3/9/2017,16452,26975,22171,12466,839-86-0200,8:50 AM,2010,Freelander,Land Rover
3/5/2017,14391,12430,23774,24314,815-13-2374,3:43 AM,1990,MPV,Mazda
10/29/2016,18399,10806,22228,11230,674-23-7324,7:32 AM,2012,EX,Infiniti
3/7/2017,18487,19205,28568,24707,417-41-0808,10:37 AM,2011,GS,Lexus
6/1/2017,18649,14096,21260,32391,285-28-2098,10:47 AM,2007,207,Peugeot
4/26/2017,11452,10021,26293,35965,857-13-4149,6:04 AM,2008,Grand Marquis,Mercury
1/4/2017,14974,11301,23580,37700,449-70-5555,10:17 AM,1994,RX-7,Mazda
11/14/2016,19228,29598,26086,17006,297-84-1450,9:58 AM,2003,Mustang,Ford
10/24/2016,17515,17269,22961,14610,321-81-3028,2:29 PM,2010,ES,Lexus
9/2/2017,16082,22841,27374,21332,124-77-5451,6:48 AM,1996,Tahoe,Chevrolet
7/18/2017,11414,29362,23658,16689,226-43-4381,3:32 PM,1995,Mystique,Mercury
12/8/2016,19428,16440,21588,12482,727-85-2550,1:52 PM,2008,Matrix,Toyota
2/21/2017,15610,29825,26547,27351,786-75-7513,12:50 PM,2009,Borrego,Kia
4/14/2017,12907,13886,21560,10855,634-74-2791,8:01 AM,1993,Suburban 2500,Chevrolet
10/15/2016,10925,22603,27550,39796,360-33-6752,11:54 AM,1993,Sportvan G30,Chevrolet
10/13/2016,14723,18623,27576,30256,617-90-3333,4:59 PM,2009,Impreza,Subaru
8/5/2017,10122,20651,21064,26150,305-30-5912,2:51 PM,2007,i-370,Isuzu
1/4/2017,11095,24950,27180,31689,841-18-7846,8:41 PM,2010,Savana 1500,GMC
8/11/2017,14534,27389,26949,12652,249-26-7128,8:51 AM,1994,Camaro,Chevrolet
12/11/2016,12725,15969,20383,20967,251-57-6691,11:09 AM,1989,Excel,Mitsubishi
10/10/2016,10903,29579,28405,31275,819-95-0261,1:07 PM,2007,C8,Spyker
7/22/2017,11232,21400,20491,13105,765-43-1071,10:45 AM,1985,Mustang,Ford
11/29/2016,19757,16807,25480,35540,531-43-5068,10:36 AM,1992,Silhouette,Oldsmobile
4/18/2017,13593,18636,24894,27752,206-28-8606,2:01 PM,2003,Grand Caravan,Dodge
2/22/2017,16865,15150,28057,26364,716-08-2206,9:13 AM,2002,Savana 3500,GMC
12/10/2016,15811,15669,22676,37111,539-06-7817,1:23 AM,2010,LR2,Land Rover
4/27/2017,12762,15792,22163,19006,654-87-3178,7:18 PM,2000,Sonata,Hyundai
6/21/2017,16538,20073,26151,13366,625-78-5448,8:01 AM,2011,Town Car,Lincoln
8/29/2017,12158,17729,27182,35726,194-32-7723,4:02 PM,2003,Cayenne,Porsche
8/13/2017,13319,20362,28589,32870,276-52-5559,7:11 PM,2006,Vantage,Aston Martin
6/1/2017,11524,25210,24151,30750,732-43-9021,5:53 PM,2009,FJ Cruiser,Toyota
9/4/2017,12069,20626,21533,19251,652-73-6602,6:31 AM,2005,Dakota Club,Dodge
5/24/2017,15592,22264,29108,14699,736-42-6147,3:32 AM,1973,Grand Prix,Pontiac
9/13/2017,12976,28568,21215,21347,227-57-1939,8:02 AM,2006,Sorento,Kia
2/4/2017,12529,24042,20456,31824,810-87-5340,7:20 AM,1999,Quest,Nissan
5/25/2017,12257,21641,23997,13069,642-51-5817,5:20 AM,1987,Laser,Ford
7/7/2017,12330,29087,23326,26196,785-97-4179,1:40 PM,1995,Accord,Honda
1/15/2017,16821,16202,26751,26794,151-87-5114,6:22 PM,2011,Navigator L,Lincoln
9/27/2017,12421,27404,20804,22422,428-14-3700,11:58 AM,1992,Mustang,Ford
2/16/2017,18321,19797,25904,34385,864-41-0254,3:27 AM,2009,Silverado,Chevrolet
4/29/2017,19245,18686,24696,27039,311-81-5983,10:24 AM,1997,CR-V,Honda
1/19/2017,16876,15650,27558,36976,151-85-0067,12:43 PM,1993,Lumina APV,Chevrolet
10/21/2016,19359,19436,24532,15402,351-59-6292,6:05 PM,1984,Town Car,Lincoln
5/24/2017,14367,25080,26268,13530,883-73-8635,10:14 AM,1998,T100 Xtra,Toyota
11/28/2016,15630,16507,25115,37077,487-59-8066,1:09 AM,1994,Precis,Mitsubishi
9/29/2017,13585,13115,28389,27855,787-42-9809,1:42 PM,2010,QX56,Infiniti
11/21/2016,18542,25508,24927,32193,244-13-3800,8:49 PM,2009,Sable,Mercury
9/18/2017,18274,16416,24820,27030,805-32-0291,3:00 AM,2000,Eldorado,Cadillac
4/14/2017,11441,27131,25852,19902,782-66-3260,7:39 AM,2000,Monte Carlo,Chevrolet
6/18/2017,15046,10657,20192,26658,678-32-0524,5:53 AM,1990,Corrado,Volkswagen
9/22/2017,12522,29086,26225,38393,888-59-6642,9:58 PM,1993,S10 Blazer,Chevrolet
6/24/2017,18073,28177,21946,35201,218-41-4392,2:04 AM,1995,del Sol,Honda
10/15/2016,18523,23157,27747,20116,264-45-2262,9:17 PM,2007,GL-Class,Mercedes-Benz
5/1/2017,12189,19375,21696,31005,665-01-6387,3:01 PM,1986,Truck,Mitsubishi
11/27/2016,19423,19606,29085,35579,865-69-8876,7:44 PM,1986,Esprit,Lotus
6/10/2017,15354,16594,22412,21546,751-25-3127,11:23 PM,2009,Sierra,GMC
12/26/2016,18904,10398,22974,10231,283-71-9307,9:41 PM,2004,Exige,Lotus
6/15/2017,16445,10320,26119,19781,857-60-9631,1:21 PM,1993,5 Series,BMW
12/31/2016,14640,21364,26370,32259,334-94-8621,8:33 PM,2000,RL,Acura
12/15/2016,17365,18076,20840,23358,875-05-9579,11:50 AM,1996,3500,GMC
11/11/2016,17235,13924,26818,12567,239-11-9125,1:34 AM,2000,4Runner,Toyota
10/11/2016,16723,17607,20515,35859,276-43-5642,7:54 AM,2005,Avalanche 1500,Chevrolet
1/25/2017,12273,19557,25685,13258,853-18-1683,11:08 PM,2004,Tacoma Xtra,Toyota
8/8/2017,11942,15870,25066,34915,688-82-7562,2:06 AM,1994,Seville,Cadillac
9/17/2017,16508,12099,28832,25545,795-02-8820,6:37 AM,1985,Truck,Mitsubishi
8/17/2017,14141,11892,29679,31322,263-95-8337,11:38 AM,2009,XLR-V,Cadillac
9/20/2017,16579,14041,25276,11915,346-70-4623,9:11 AM,1999,Yukon,GMC
1/23/2017,11987,26962,25037,32891,415-53-4887,5:05 AM,2005,Focus,Ford
7/14/2017,17882,23770,25127,36816,462-45-5921,8:31 PM,2008,Express 2500,Chevrolet
2/5/2017,12683,21880,20323,25206,607-70-2147,8:28 PM,2003,H2,Hummer
12/13/2016,13348,12193,25864,37966,488-54-7676,2:54 PM,2012,Express,Chevrolet
10/21/2016,11621,27528,26495,25205,434-39-0851,8:41 PM,1994,900,Saab
6/25/2017,13186,21552,25163,28078,759-94-6711,9:51 AM,2004,Montero Sport,Mitsubishi
3/22/2017,10796,20887,25170,33967,534-05-1258,6:14 PM,1994,Ciera,Oldsmobile
1/20/2017,17180,21519,21414,35217,202-03-6846,5:32 PM,2002,DeVille,Cadillac
10/3/2016,19355,17856,20659,16340,864-11-8927,4:51 AM,2006,TT,Audi
8/4/2017,16651,24325,27475,10072,659-92-9580,5:31 PM,1992,D250,Dodge
6/26/2017,16862,23783,27395,38981,384-44-3534,2:34 AM,1999,Safari,GMC
8/19/2017,10084,28682,29697,37222,829-32-1237,3:03 AM,2008,Touareg,Volkswagen
6/13/2017,12361,29665,23547,23072,144-96-0915,7:04 AM,1992,Corsica,Chevrolet
1/15/2017,13469,15541,20445,29225,525-93-4784,3:19 PM,1967,Thunderbird,Ford
8/28/2017,16456,18458,20772,32823,108-38-9865,4:54 PM,2008,Town Car,Lincoln
10/30/2016,14965,24246,25419,18634,620-39-4097,10:58 PM,2000,Durango,Dodge
6/2/2017,14491,19315,29654,11442,855-26-8251,12:44 AM,2011,9-3,Saab
10/25/2016,17275,20223,21635,34012,716-74-1100,9:05 AM,1995,GTI,Volkswagen
5/19/2017,11234,18411,29672,14939,808-61-2536,3:37 PM,2011,57,Maybach
8/11/2017,14642,18350,20181,20138,568-88-5124,8:20 AM,2005,L-Series,Saturn
5/18/2017,17644,29534,23676,20017,103-98-8201,6:18 PM,2003,Allroad,Audi
7/18/2017,14620,19946,25390,35044,132-27-0027,4:25 AM,2010,A8,Audi
11/21/2016,12534,23004,29062,18492,787-05-4533,4:43 PM,2001,9-3,Saab
1/22/2017,17182,19626,24664,10102,512-76-8045,3:57 AM,2006,Lancer Evolution,Mitsubishi
7/29/2017,13021,24591,21672,31125,750-87-0895,11:28 AM,1990,Trans Sport,Pontiac
6/29/2017,15407,22126,20642,13133,733-24-7688,7:11 PM,2013,Altima,Nissan
8/25/2017,11840,27450,26129,17719,219-96-2587,12:46 PM,2009,Rio,Kia
4/5/2017,14534,12528,21047,18378,307-53-1280,2:22 AM,2011,Quattroporte,Maserati
1/20/2017,12917,22554,20080,27635,100-41-4333,7:08 PM,1987,Regal,Buick
4/29/2017,15362,16696,29944,26784,164-44-9168,6:04 PM,1990,900,Saab
5/24/2017,18552,13669,21884,17465,827-94-2599,9:59 AM,2012,R8,Audi
10/4/2016,12586,24509,29958,29709,118-58-8670,4:47 PM,1993,Ramcharger,Dodge
8/3/2017,10705,14874,29077,19261,304-46-2717,6:12 AM,1998,Tercel,Toyota
8/12/2017,10126,18367,23744,25277,343-66-2229,11:00 PM,1998,NSX,Acura
7/5/2017,19871,21991,21929,20601,299-87-8203,11:46 AM,1984,Grand Marquis,Mercury
12/25/2016,12389,26264,23055,33245,296-54-0525,8:38 PM,2009,Equator,Suzuki
4/21/2017,11209,10887,23350,18289,282-25-7277,5:17 AM,1999,Ram Van 3500,Dodge
4/4/2017,19303,24605,23891,22918,734-53-5296,5:03 AM,2009,Avalon,Toyota
10/17/2016,10089,23400,22618,17120,437-31-2809,7:44 PM,1996,del Sol,Honda
6/17/2017,11725,20473,23574,28586,505-51-2936,9:45 PM,1988,Galant,Mitsubishi
7/24/2017,12311,12311,26871,36474,884-25-0706,12:32 PM,1984,Mirage,Mitsubishi
9/13/2017,16224,19590,28907,22387,648-47-5811,3:44 PM,2007,Ram 3500,Dodge
12/31/2016,19709,12051,21569,12094,295-58-2902,6:44 AM,1991,Type 2,Volkswagen
1/13/2017,15921,10497,21859,16365,417-13-5017,3:07 AM,1995,2500,Chevrolet
10/7/2016,13074,28768,29576,37186,711-04-8003,3:39 PM,1992,2500,GMC
6/5/2017,14167,14823,24962,29817,472-51-7860,2:54 AM,1993,Beretta,Chevrolet
9/16/2017,19747,23989,20089,33582,345-39-3763,9:13 AM,2008,Tacoma,Toyota
4/26/2017,16938,21820,27645,10763,769-85-0530,9:30 AM,2004,FX,Infiniti
1/13/2017,15463,13077,29625,38140,446-47-4440,1:47 AM,2000,Camry,Toyota
2/11/2017,11088,18082,28667,15072,819-89-0694,9:22 PM,2013,Genesis Coupe,Hyundai
6/25/2017,11242,11750,22673,31447,166-15-7896,2:33 PM,1961,Tempest,Pontiac
1/18/2017,15364,16822,23435,26917,312-49-8374,4:51 AM,2008,F150,Ford
10/10/2016,16275,16954,24763,20873,252-13-2048,2:24 AM,2012,3500,Ram
1/18/2017,13313,13632,22402,35452,818-39-9401,10:43 AM,2006,Escalade EXT,Cadillac
1/25/2017,18367,25531,27367,39012,579-43-6612,8:24 PM,1993,Truck,Mitsubishi
4/13/2017,11542,15953,28628,25689,687-89-6852,1:50 AM,1987,Familia,Mazda
5/11/2017,14480,20838,20821,23873,557-43-5858,4:03 AM,1991,Park Avenue,Buick
10/14/2016,12545,26573,20686,30869,387-15-5519,12:30 PM,1994,Sonata,Hyundai
4/16/2017,14201,26985,26155,14586,660-55-1405,2:36 PM,1986,Ranger,Ford
11/27/2016,16700,29406,21914,33970,295-22-2907,2:27 AM,2003,Crown Victoria,Ford
2/11/2017,17262,25686,21404,14202,466-25-0359,5:51 PM,1998,Suburban 2500,Chevrolet
1/15/2017,16213,20236,26777,37041,741-58-0208,4:17 AM,1993,H1,Hummer
7/13/2017,10751,24013,23034,26857,642-81-2925,9:49 PM,2005,Escalade ESV,Cadillac
4/28/2017,14056,23341,20009,35118,182-81-3441,7:27 AM,1993,Camaro,Chevrolet
1/14/2017,14732,22011,24559,20697,794-06-0905,11:49 AM,2011,Maxima,Nissan
6/26/2017,13317,15989,20113,16317,394-35-1414,3:23 PM,2004,S2000,Honda
9/29/2017,19452,27631,24970,10023,411-18-0072,5:28 AM,1995,Vision,Eagle
8/19/2017,11477,26456,22489,19632,362-51-8821,11:47 AM,2004,Malibu,Chevrolet
5/29/2017,17363,14596,28961,17140,758-99-5312,11:56 AM,2000,Xterra,Nissan
9/3/2017,19496,28088,27607,39675,840-90-0725,6:59 AM,1990,Laser,Plymouth
1/31/2017,11293,16805,20513,24607,679-53-2350,6:35 PM,2002,Camaro,Chevrolet
12/26/2016,18326,17432,28475,23677,198-18-2197,4:31 PM,2003,Protege,Mazda
1/2/2017,15313,29950,28167,31609,479-51-9287,9:22 PM,1992,Seville,Cadillac
10/19/2016,14536,11492,20747,14875,111-84-7776,6:55 PM,1994,Impala SS,Chevrolet
2/3/2017,11155,15811,20237,11078,226-67-0789,2:46 AM,2009,C30,Volvo
11/24/2016,19263,19601,29887,28124,454-78-7387,4:11 AM,2010,Yukon XL 2500,GMC
11/27/2016,14113,28901,29866,12826,311-60-7135,8:04 PM,2006,FX,Infiniti
6/16/2017,17266,13651,22229,33587,344-04-4286,8:59 PM,2006,350Z Roadster,Nissan
1/3/2017,16492,10777,27698,16215,216-79-2066,9:51 PM,2006,E-Series,Ford
9/10/2017,15557,28855,24691,23616,730-77-8299,9:43 PM,1998,Sidekick,Suzuki
8/25/2017,18242,20455,29001,34949,718-39-4103,6:42 AM,2011,Routan,Volkswagen
3/5/2017,17557,19817,20955,23181,135-88-2963,8:04 PM,2003,Voyager,Chrysler
8/19/2017,18213,21954,21392,32571,435-57-8153,5:47 AM,1985,Capri,Mercury
11/25/2016,16213,27225,22903,27159,292-37-1353,4:55 PM,1996,Dakota,Dodge
2/2/2017,10943,15288,24661,16776,844-86-6744,8:00 PM,2012,GLK-Class,Mercedes-Benz
10/23/2016,19480,22881,20931,27190,287-88-9035,1:57 AM,1994,98,Oldsmobile
11/12/2016,16230,25253,21449,14313,447-79-3097,8:47 PM,2003,Montero Sport,Mitsubishi
11/4/2016,10385,14409,24219,35282,204-12-2812,1:37 AM,1994,LeSabre,Buick
11/6/2016,14852,10618,20712,15834,412-92-7359,11:24 PM,2005,Savana 1500,GMC
5/23/2017,10685,16553,22412,14271,439-26-9172,6:24 AM,1997,J,Infiniti
1/24/2017,10804,15204,20016,19872,672-01-4939,12:39 AM,2004,Odyssey,Honda
7/30/2017,14502,23488,20537,21937,332-98-0919,5:33 AM,1993,Acclaim,Plymouth
9/8/2017,12938,21662,25668,26039,412-73-4338,6:07 PM,1994,Town Car,Lincoln
3/5/2017,11152,21120,22664,30122,812-45-7226,12:05 PM,1997,SC,Lexus
2/10/2017,13398,17174,26506,35755,532-07-5010,11:19 PM,1986,Town Car,Lincoln
4/15/2017,12813,26490,28031,17398,281-38-1391,11:42 PM,2001,Diablo,Lamborghini
3/12/2017,18214,15094,24892,36001,128-47-1532,7:11 PM,1998,Prizm,Chevrolet
4/22/2017,17278,26668,29042,22569,353-83-0383,6:36 PM,1992,Sportvan G30,Chevrolet
4/27/2017,12232,10833,26270,34006,571-73-0816,12:47 AM,2002,Tracker,Chevrolet
5/17/2017,11283,25958,21939,38024,529-59-9709,8:24 PM,1994,323,Mazda
9/3/2017,17641,23292,29310,38317,735-47-4595,11:53 PM,1995,GTO,Mitsubishi
11/28/2016,18242,13789,21549,31126,653-26-6287,6:15 PM,1999,Grand Voyager,Plymouth
5/5/2017,16190,27896,22355,24197,787-50-3123,6:35 AM,1998,Rodeo,Isuzu
11/12/2016,10353,11661,20907,13438,486-01-6776,9:56 PM,1999,Eurovan,Volkswagen
4/2/2017,15924,27880,27840,12430,545-15-7381,6:20 PM,2013,JX,Infiniti
10/16/2016,18581,25824,25557,27964,402-74-4268,2:16 PM,2012,A6,Audi
1/2/2017,17598,18790,20375,24428,287-66-7178,3:16 AM,2007,9-3,Saab
3/12/2017,12003,13905,26320,35142,569-18-8466,7:22 AM,2010,Land Cruiser,Toyota
5/11/2017,15269,24001,23937,26904,285-84-7579,3:02 AM,2010,Eos,Volkswagen
2/27/2017,10679,18328,24389,18929,421-99-6141,9:48 AM,1993,M5,BMW
5/21/2017,10319,24152,27638,26038,113-98-5386,3:50 PM,2008,Ranger,Ford
9/30/2017,14732,16936,25355,12733,452-47-3171,9:39 PM,1967,Falcon,Ford
7/6/2017,16569,14871,25019,30599,786-90-2008,11:16 PM,2004,DeVille,Cadillac
9/13/2017,14556,19605,28062,39436,457-57-1292,3:16 AM,1989,6000,Pontiac
8/2/2017,19536,25068,25662,29584,731-51-2414,4:20 PM,1992,Impulse,Isuzu
7/14/2017,11797,10213,28768,33837,488-63-4619,6:29 PM,1992,Corsica,Chevrolet
9/26/2017,13522,27032,25403,30137,878-89-3164,6:38 AM,2001,Prowler,Chrysler
12/21/2016,13535,28774,22087,27470,103-30-5733,10:34 AM,2010,Odyssey,Honda
7/29/2017,11064,19655,25483,27214,446-85-1955,12:35 PM,2006,F-250 Super Duty,Ford
8/25/2017,18535,21308,22898,22878,558-67-4855,11:20 PM,1989,Chariot,Mitsubishi
4/24/2017,17133,18732,23190,15973,112-47-8215,9:27 PM,2005,Ascender,Isuzu
5/28/2017,19942,25581,29492,38685,739-12-1961,11:02 PM,2003,Altima,Nissan
2/10/2017,15278,22477,27393,14385,422-58-2358,7:35 PM,2012,Pathfinder,Nissan
11/6/2016,12309,15673,24144,21367,898-53-8769,12:50 AM,2002,Cooper,MINI
4/5/2017,13451,28332,27830,24612,605-90-7318,9:54 PM,1993,SJ,Suzuki
5/5/2017,15244,26488,28417,33261,623-03-9918,12:00 AM,2008,Element,Honda
2/14/2017,16726,15053,28559,17857,191-08-7400,6:20 AM,2005,Forester,Subaru
5/16/2017,11640,26931,20548,21240,783-09-1598,4:51 PM,2000,Escalade,Cadillac
3/1/2017,11870,25069,28274,14246,824-01-0159,12:18 PM,1996,Pathfinder,Nissan
10/20/2016,12934,26231,25966,15038,540-60-9316,2:10 PM,2012,CT,Lexus
9/24/2017,14112,22555,23810,26279,448-62-0517,4:24 PM,1986,Lynx,Mercury
9/18/2017,11887,17093,25688,18784,576-66-2996,8:53 PM,2009,M3,BMW
10/3/2016,16154,22245,22214,26157,175-66-6580,6:47 PM,2000,Lanos,Daewoo
3/28/2017,15534,25075,23954,25586,714-77-7084,11:30 PM,2007,Miata MX-5,Mazda
2/2/2017,18346,29659,28970,36333,328-11-3917,1:56 AM,1993,LeSabre,Buick
10/11/2016,10132,21942,20725,29477,762-36-4631,2:33 PM,1973,Monte Carlo,Chevrolet
3/21/2017,14798,24409,21905,31846,298-89-1919,8:05 PM,2010,H3T,Hummer
3/17/2017,18925,26460,23380,32780,493-62-4559,4:43 AM,2007,C8,Spyker
6/7/2017,19288,26747,25460,21491,394-61-3877,8:53 PM,2007,Murano,Nissan
3/13/2017,12317,19711,20138,28516,110-02-8243,5:20 PM,1999,SLK-Class,Mercedes-Benz
6/6/2017,13598,14625,25042,24266,734-50-3303,11:31 PM,1971,Camaro,Chevrolet
12/20/2016,11012,28842,27845,35218,190-54-4166,6:46 AM,2000,A6,Audi
5/7/2017,18116,28760,22352,17124,707-78-3065,7:19 PM,2002,Park Avenue,Buick
1/5/2017,13894,18027,22265,37750,324-07-9145,7:59 PM,2008,Tundra,Toyota
9/24/2017,11236,11753,27490,19430,380-95-3501,8:18 AM,1999,3 Series,BMW
11/2/2016,12044,27162,27671,29195,321-56-6687,9:22 AM,2003,E250,Ford
7/12/2017,18435,15351,29672,38517,280-57-6933,9:33 PM,2009,Expedition EL,Ford
8/24/2017,14423,28410,27867,37567,152-36-0864,5:36 AM,1989,Town Car,Lincoln
5/5/2017,18918,17715,27039,36562,489-76-3221,3:27 PM,2011,Impala,Chevrolet
8/5/2017,11072,20627,22605,30974,153-08-5786,12:14 PM,1997,Cirrus,Chrysler
9/25/2017,19068,27147,26969,15967,411-32-9829,7:07 AM,1999,Explorer,Ford
9/29/2017,14845,24433,24178,20533,672-82-0851,10:11 AM,1967,Bonneville,Pontiac
1/9/2017,10644,28375,22738,27347,168-65-8712,5:11 AM,1999,Z3,BMW
9/29/2017,13253,13641,22436,25254,559-65-5827,8:41 PM,1999,Prowler,Plymouth
8/16/2017,15661,25453,23701,23399,800-43-7845,5:51 AM,1996,Ranger,Ford
11/25/2016,18828,10302,25447,14892,314-90-7454,7:46 AM,2004,Grand Prix,Pontiac
5/11/2017,16178,12736,24165,11585,209-47-5307,12:09 AM,1992,Legend,Acura
12/10/2016,12769,17856,22419,32395,143-48-5618,7:15 AM,2002,B-Series Plus,Mazda
3/3/2017,14222,12319,23841,21243,567-02-6089,8:34 AM,1998,Suburban 2500,Chevrolet
12/29/2016,11161,29215,26196,28183,799-15-6020,2:24 PM,1992,Q,Infiniti
12/13/2016,17638,11375,28071,33767,239-63-8666,9:01 AM,1990,Legend,Acura
2/10/2017,11785,11576,28185,29428,149-03-4439,4:23 AM,2006,Yukon XL,GMC
12/11/2016,13067,19870,26735,13417,203-31-5260,12:22 AM,1963,Avanti,Studebaker
7/9/2017,11148,18927,28085,35369,346-96-9761,4:49 AM,1999,Esteem,Suzuki
2/14/2017,12972,22442,25591,23013,743-37-4510,12:46 AM,2004,Element,Honda
11/6/2016,10833,13485,28742,14453,892-89-4164,11:57 PM,2003,Dakota,Dodge
9/20/2017,10089,18625,20446,19008,432-11-6354,1:21 PM,2006,STS-V,Cadillac
8/5/2017,15009,22507,26478,26575,802-18-7091,7:28 AM,2002,SC,Lexus
12/3/2016,11309,22699,27508,14234,812-48-7182,6:25 AM,1981,Grand Prix,Pontiac
5/16/2017,11589,14946,27349,25531,624-26-3550,10:57 AM,2008,Mazdaspeed 3,Mazda
12/21/2016,12195,25937,26883,27201,611-41-8656,9:30 PM,2002,Tribute,Mazda
7/1/2017,13706,26376,25628,29172,235-13-5581,9:26 PM,1989,200,Audi
8/8/2017,12955,15831,23235,36849,696-19-5805,4:40 PM,2003,Escape,Ford
1/9/2017,18063,13190,25058,34606,705-74-6512,8:24 AM,1998,Caravan,Dodge
4/11/2017,19839,24620,23843,26801,753-63-6553,5:55 PM,1999,Sienna,Toyota
1/29/2017,16182,18702,27643,26412,128-50-3118,9:25 PM,2003,Town & Country,Chrysler
8/20/2017,19393,22966,28261,21294,775-72-6850,9:35 PM,1992,Camry,Toyota
2/8/2017,15912,14402,26322,26342,103-53-6323,12:41 AM,1991,900,Saab
5/12/2017,14424,22638,28221,13778,631-81-1699,11:45 AM,2006,Mariner,Mercury
1/14/2017,12687,17510,29667,15243,661-57-5468,6:23 AM,2013,Focus,Ford
8/29/2017,12766,28335,20844,19064,755-37-7776,9:39 PM,2004,C8 Spyder,Spyker
2/2/2017,15250,29492,24305,33598,114-39-6875,4:49 PM,2006,Silverado,Chevrolet
6/5/2017,12925,14678,27226,16957,300-96-1467,6:24 AM,1998,Montero Sport,Mitsubishi
5/7/2017,15942,29538,26005,16085,295-27-3481,4:59 AM,1985,Cougar,Mercury
3/23/2017,18047,26831,22134,12238,749-75-2906,10:54 AM,2009,Yaris,Toyota
6/21/2017,18600,25602,29716,17271,630-88-8081,10:09 PM,2006,Highlander,Toyota
7/18/2017,10943,16352,21233,19883,380-82-6649,10:52 AM,2011,E-Class,Mercedes-Benz
9/8/2017,11031,18302,28278,28925,326-17-5513,7:07 AM,2012,TSX,Acura
2/17/2017,19615,22592,24826,33403,491-45-0787,8:25 AM,1989,Sidekick,Suzuki
5/13/2017,16741,29154,28056,28299,182-16-1960,5:39 PM,1990,Town Car,Lincoln
7/10/2017,14941,22108,21889,33373,820-12-1112,4:02 AM,2004,Grand Cherokee,Jeep
5/20/2017,19625,27449,27973,32000,497-19-2360,3:40 AM,1994,Vigor,Acura
11/9/2016,15648,14714,27598,37059,142-42-9718,2:00 AM,1981,Camaro,Chevrolet
8/31/2017,15840,13310,29391,24075,273-84-7939,4:08 AM,2005,Explorer Sport Trac,Ford
3/25/2017,10949,20431,21524,36512,251-32-2470,8:08 PM,2006,LS,Lexus
12/27/2016,17654,26726,21180,22069,889-90-0589,6:26 AM,2003,Avalon,Toyota
11/29/2016,10520,21375,25810,27155,112-96-9693,9:11 AM,2004,C-Class,Mercedes-Benz
1/27/2017,15420,26877,21334,15995,160-75-5741,2:27 PM,2005,Rainier,Buick
8/5/2017,15934,24093,21859,36134,550-70-5253,7:11 AM,2011,E-Series,Ford
3/5/2017,17875,28956,24141,32287,375-84-6038,8:49 AM,2010,M3,BMW
3/15/2017,16468,28038,24575,29003,776-21-4833,3:29 AM,2004,PT Cruiser,Chrysler
7/5/2017,18408,27222,25765,36421,730-67-6651,5:08 PM,2007,Fit,Honda
8/28/2017,10024,21485,24214,10439,121-37-7653,5:45 AM,1995,2500,Chevrolet
11/7/2016,19693,10064,27963,29528,196-13-4668,4:43 AM,2010,Genesis,Hyundai
3/8/2017,18264,10897,28690,22036,305-75-5774,7:40 AM,2002,Econoline E350,Ford
2/4/2017,13521,12656,25098,38947,810-58-5335,1:04 AM,1993,300CE,Mercedes-Benz
3/13/2017,19950,12791,27678,34142,554-42-9570,7:51 PM,2004,Z4,BMW
3/22/2017,10359,23148,23524,28409,720-62-3163,9:11 AM,2001,Firebird,Pontiac
9/22/2017,13554,26307,23515,34109,243-52-2854,11:36 AM,2011,Taurus,Ford
3/22/2017,17385,27011,22481,21577,688-98-0730,6:47 AM,2011,SLS-Class,Mercedes-Benz
